% Encoding: UTF-8


@Book{Ostenberg2009,
  Title                    = {Staging the World. Spoils, Captives, and Representations in the Roman Triumphal Procession},
  Author                   = {Ida \"{O}stenberg},
  Publisher                = {Oxford},
  Year                     = {2009},

  Owner                    = {abxwl},
  Timestamp                = {2013.12.31}
}

@InCollection{Erker2011,
  Title                    = {Gender and Roman Funeral Ritual},
  Author                   = {{\v{S}terbenc Erker}, D.},
  Booktitle                = {Memory and Mourning: Studies on Roman Death},
  Publisher                = {Oxford},
  Year                     = {2011},
  Editor                   = {Hope, V. M. and Huskinson, J.},
  Pages                    = {40-60},

  Owner                    = {Will},
  Timestamp                = {2011.11.28}
}

@Article{Boyce1942,
  Title                    = {The Origin of \emph{ornamenta triumphalia}},
  Author                   = {Aline {Abaecherli Boyce}},
  Journal                  = {CPh},
  Year                     = {1942},
  Number                   = {2},
  Pages                    = {130-41},
  Volume                   = {37}
}

@Article{Abaecherli1935,
  Title                    = {Fercula, Carpenta and Tensai in the Roman Procession},
  Author                   = {A. Abaecherli},
  Journal                  = {Bollettino dell'Associazione Internazionale degli Studi Mediterranei},
  Year                     = {1935},
  Pages                    = {1-20},
  Volume                   = {6},

  Owner                    = {Will},
  Timestamp                = {2014.01.22}
}

@Article{Adkins1971,
  Title                    = {Review of ``Dionysus: Myth and Cult'' by Otto, W. F.},
  Author                   = {Adkins, A. W. H.},
  Journal                  = {CR},
  Year                     = {1971},
  Number                   = {1},
  Pages                    = {147-8},
  Volume                   = {21},

  Timestamp                = {2015.08.06}
}

@PhdThesis{Adounvo1999,
  Title                    = {Studies in the Iconography of Blacks in Roman Art},
  Author                   = {Gifty Ako-Adounvo},
  School                   = {McMaster University},
  Year                     = {1999},

  Owner                    = {Will},
  Timestamp                = {2013.10.20}
}

@Article{Alexander1955,
  author            = {Alexander, Christine},
  title             = {A Roman Silver Relief},
  subtitle          = {The Indian Triumph of Dionysos},
  volume            = {14},
  pages             = {64-7},
  year              = {1955},
  journal           = {BMM},
  jstor_articletype = {research-article},
  number            = {3},
  publisher         = {The Metropolitan Museum of Art},
}

@Article{Alexander1932,
  Title                    = {A Bacchic Inscription of the Second Century A.D.},
  Author                   = {Alexander, Christine},
  Journal                  = {BMM},
  Year                     = {1932},
  Number                   = {11},
  Pages                    = {240-2},
  Volume                   = {27}
}

@Article{Amedick2010,
  author    = {Rita Amedick},
  title     = {Immortal Ambitions},
  subtitle  = {Sarcophagi and Social Distinctions in Roman Culture},
  volume    = {15},
  pages     = {33-46},
  year      = {2010},
  journal   = {BABesch},
  owner     = {Will},
  timestamp = {2015.08.06},
}

@Book{Amedick1991,
  author    = {Amedick, Rita},
  title     = {Die Sarkophage mit Darstellungen aus dem Menschenleben},
  subtitle  = {Vita Privata},
  publisher = {Berlin},
  year      = {1991},
  maintitle = {Die antiken Sarkophagreliefs},
  volume    = {1.4},
  owner     = {abxwl},
  timestamp = {2015.01.09},
}

@Incollection{Andreae1969,
  author       = {Bernard Andreae},
  title        = {\emph{processus consularis}},
  subtitle     = {Zur Deutung des Sarkophags von Acilia},
  pages        = {3-13},
  editor       = {P. Zazoff},
  booktitle    = {Opus Nobile},
  booksubtitle = {Festschrift zum 60. Geburtstag von Ulf Jantzen},
  publisher    = {Wiesbaden},
  year         = {1969},
  owner        = {Will},
  timestamp    = {2015.08.04},
}

@Book{Andreae1980,
  author    = {Andreae, Bernard},
  title     = {Die Sarkophage mit Darstellungen aus dem Menschenleben},
  subtitle  = {Die R\"{o}mischen Jagdsarkophage},
  publisher = {Berlin},
  year      = {1980},
  maintitle = {Die antiken Sarkophagreliefs},
  volume    = {1.2},
  owner     = {abxwl},
  timestamp = {2015.01.09},
}

@Article{Andreae1957,
  Title                    = {Arch\"{a}ologischer Funde im Bereich von Rom 1949--1956/57},
  Author                   = {Andreae, B.},
  Journal                  = {AA},
  Year                     = {1957},
  Pages                    = {110-358},
  Volume                   = {72},

  Owner                    = {Will},
  Timestamp                = {2014.11.21}
}

@Article{Reinsber1957,
  Title                    = {Arch\"{a}ologischer Funde im Bereich von Rom 1949--1956/57},
  Author                   = {Andreae, B.},
  Journal                  = {AA},
  Year                     = {1957},
  Pages                    = {110-358},
  Volume                   = {72},

  Owner                    = {Will},
  Timestamp                = {2014.11.21}
}

@Book{Angelicoussis1992,
  Title                    = {The Woburn Abbey Collection of Classical Antiquities},
  Author                   = {Angelicoussis, E. and Dettloff, G. and Laev, R.},
  Publisher                = {Mainz},
  Year                     = {1992},
  Series                   = {Monumenta Artis Romanae},

  ISBN                     = {9783805313032},
  ISSN                     = {0077-1406},
  Lccn                     = {93133226}
}

@Incollection{deAngelis2011,
  author    = {Francesco de Angelis},
  title     = {Playful Workers},
  subtitle  = {The Cupid Frieze in the Casa dei Vettii},
  pages     = {62-73},
  editor    = {Eric Poehler and Miko Fohr and Kevin Cole},
  booktitle = {Pompeii},
  publisher = {Oxford},
  year      = {2011},
  owner     = {Will},
  timestamp = {2015.08.06},
}

@Incollection{Anguissola2015,
  author    = {Anna Anguissola},
  title     = {\enquote{Idealplastik} and the Relationship Between Greek and Roman Sculpture},
  pages     = {240-59},
  editor    = {Elise A. Friedland and Melanie Grunow Sobocinski and Elaine K. Gazda},
  booktitle = {The Oxford Handbook of Roman Sculpture},
  publisher = {Oxford},
  year      = {2015},
  owner     = {Will},
  timestamp = {2015.08.06},
}

@InCollection{Arce2010,
  Title                    = {Roman Imperial Funerals \emph{in effigie}},
  Author                   = {Javier Arce},
  Booktitle                = {The Emperor and Rome: Space, Representation and Ritual},
  Publisher                = {Cambridge},
  Year                     = {2010},
  Editor                   = {Bj\"{o}rn C. Ewald and Carlos F. Nore{\~n}a},
  Pages                    = {309-24},

  Owner                    = {Will},
  Timestamp                = {2014.08.19}
}

@InCollection{dinpor,
  Title                    = {Dionysos (in Peripheria Orentali)},
  Author                   = {Aug\'{e}, C. and P. {Linant de Bellefonds}},
  Booktitle                = {Lexicon Iconographicum Mythologiae Classicae},
  Publisher                = {Z\"{u}rich},
  Year                     = {1986},
  Pages                    = {514-31},
  Volume                   = {III},

  Owner                    = {abxwl},
  Timestamp                = {2015.09.14}
}

@Book{SNGvA,
  Title                    = {Sylloge Nummorum Graecorum, Deutschland, Sammlung Hans Von Aulock: vol.\ 1, Pontus, Paphlagonia, Bithynia, Mysia, Troas, Aiolis, Lesbos, Ionia},
  Author                   = {Hans von Aulock and Gerhard Kleiner},
  Publisher                = {Berlin},
  Year                     = {1957},

  Owner                    = {Will},
  Timestamp                = {2015.04.02}
}

@InCollection{Berard1989,
  Title                    = {Entering the Imagery},
  Author                   = {Claude B\'{e}rard and Jean-Louis Durand},
  Booktitle                = {A city of Images: Iconography and Society in Ancient Greece},
  Publisher                = {Princeton, NJ, trans.\ Lyons, Deborah},
  Year                     = {1989},
  Pages                    = {23-37},

  Owner                    = {Will},
  Timestamp                = {2015.09.14}
}

@Book{Bomer1969,
  Title                    = {P. Ovidius Naso Metamorphosen: Kommentar, Buch I-III},
  Author                   = {Franz B\"{o}mer},
  Publisher                = {Heidelberg},
  Year                     = {1969},

  Owner                    = {Will},
  Timestamp                = {2014.05.23}
}

@Book{Barini1952,
  Title                    = {Triumphalia: Impresse Ed Onori Militari Durante D'Impero Romano},
  Author                   = {C. Barini},
  Publisher                = {Turin},
  Year                     = {1952},

  Owner                    = {abxwl},
  Timestamp                = {2013.12.31}
}

@Article{Barnes1967,
  Title                    = {The Family and Career of Septimius Severus},
  Author                   = {T. E. Barnes},
  Journal                  = {Historia},
  Year                     = {1967},
  Pages                    = {87-107},
  Volume                   = {16},

  Owner                    = {Will},
  Timestamp                = {2013.09.15}
}

@Article{Bartman1993,
  Title                    = {Carving the Badminton Sarcophagus},
  Author                   = {Elizabeth Bartman},
  Journal                  = {MMJ},
  Year                     = {1993},
  Pages                    = {57-75},
  Volume                   = {28},

  Owner                    = {Will},
  Timestamp                = {2015.08.06}
}

@Book{Bastien1994,
  Title                    = {Le Buste Mon\'{e}taire des Empereurs Romains},
  Author                   = {Pierre Bastien},
  Publisher                = {Wetteren},
  Year                     = {1994},

  Owner                    = {Will},
  Timestamp                = {2015.02.21}
}

@InCollection{LIMCAuge,
  Title                    = {Auge},
  Author                   = {Christa Bauchhenss-Th\"{u}riedl},
  Booktitle                = {Lexicon Iconographicum Mythologiae Classicae},
  Publisher                = {Zurich},
  Year                     = {1986},
  Pages                    = {45-51},
  Volume                   = {III},

  Owner                    = {Will},
  Timestamp                = {2015.09.14}
}

@Book{Beard2007,
  Title                    = {The Roman Triumph},
  Author                   = {Beard, M.},
  Publisher                = {Cambridge, MA},
  Year                     = {2007},

  Owner                    = {Will},
  Timestamp                = {2012.08.13}
}

@Book{Beckmann2011,
  Title                    = {The Column of Marcus Aurelius: The Genesis \& Meaning of a Roman Imperial Monument},
  Author                   = {Beckmann, M.},
  Publisher                = {Chapel Hill, NC},
  Year                     = {2011},
  Series                   = {Studies in the History of Greece and Rome},

  Timestamp                = {2015.08.06}
}

@Article{Rawson1990,
  author    = {Bellemore, Jane and Rawson, Beryl},
  title     = {\enquote{Alumni}},
  subtitle  = {The Italian Evidence},
  volume    = {83},
  pages     = {1-19},
  year      = {1990},
  journal   = {ZPE},
  timestamp = {2015.01.22},
}

@Book{Bellinger1961,
  Title                    = {Troy: The Coins},
  Author                   = {Bellinger, A. R.},
  Publisher                = {Princeton},
  Year                     = {1961},

  Owner                    = {Will},
  Timestamp                = {2015.03.30}
}

@Article{Belting2005,
  Title                    = {Image, Medium, Body: A New Approach to Iconology},
  Author                   = {Hans Belting},
  Journal                  = {Critical Inquiry},
  Year                     = {2005},
  Number                   = {2},
  Pages                    = {302-19},
  Volume                   = {31},

  Owner                    = {Will},
  Timestamp                = {2014.09.11}
}

@Article{Benjamin1936,
  Title                    = {Das Kunstwerk im Zeitalter seiner technischen Reproduzierbarkeit},
  Author                   = {Walter Benjamin},
  Journal                  = {Zeitschrift f\"{u}r Sozialforschung},
  Year                     = {1936},
  Number                   = {1},
  Pages                    = {40-66},
  Volume                   = {5},

  Owner                    = {Will},
  Timestamp                = {2015.01.22}
}

@Article{Bentz1997,
  Title                    = {Rediscovering the Licinian Tomb},
  Author                   = {Bentz, Katherine M.},
  Journal                  = {JWAG},
  Year                     = {1997},
  Pages                    = {63-88},
  Volume                   = {55/56},

  Publisher                = {The Walters Art Museum}
}

@InCollection{Berger1986,
  Title                    = {Penthesilea},
  Author                   = {Ernst Berger},
  Booktitle                = {Lexicon Iconographicum Mythologiae Classicae, vol. VII},
  Publisher                = {Z\"{u}rich},
  Year                     = {1986},
  Pages                    = {296-305},

  Owner                    = {abxwl},
  Timestamp                = {2012.11.08}
}

@Book{Bergmann2010,
  Title                    = {Der Kranz des Kaisers: Genese und Bedeutung einer r\"{o}mischen Insignie},
  Author                   = {Birgit Bergmann},
  Publisher                = {Berlin},
  Year                     = {2010},

  Owner                    = {Will},
  Timestamp                = {2014.01.21}
}

@Article{Bergmann1994,
  Title                    = {The Roman House as Memory Theater? The House of the Tragic Poet in Pompeii},
  Author                   = {Bettina Bergmann},
  Journal                  = {ABull},
  Year                     = {1994},
  Number                   = {2},
  Pages                    = {225-56},
  Volume                   = {76},

  Owner                    = {Will},
  Timestamp                = {2015.08.26}
}

@Article{Bergstein1992,
  Title                    = {Lonely Aphrodites: on the Documentary Photography of Sculpture},
  Author                   = {Mary Bergstein},
  Journal                  = {ABull},
  Year                     = {1992},
  Number                   = {3},
  Pages                    = {475-98},
  Volume                   = {74},

  Owner                    = {Will},
  Timestamp                = {2015.08.06}
}

@Book{Bandinelli1971,
  Title                    = {Rome, the Centre of Power: Roman Art AD 200--400},
  Author                   = {Ranuccio {Bianchi Bandinelli}},
  Publisher                = {London},
  Year                     = {1971},
  Note                     = {trans.\ Green, Peter},

  Owner                    = {Will},
  Timestamp                = {2015.08.06}
}

@Article{Bieber1945,
  Title                    = {Honos and Virtus},
  Author                   = {Margarete Bieber},
  Journal                  = {AJA},
  Year                     = {1945},
  Pages                    = {25-34},
  Volume                   = {49},

  Owner                    = {Will},
  Timestamp                = {2014.05.06}
}

@Book{Bielfeldt2005,
  Title                    = {Orestes auf r\"{o}mischen Sarkophagen},
  Author                   = {Bielfeldt, Ruth},
  Publisher                = {Munich},
  Year                     = {2005},

  Owner                    = {Will},
  Timestamp                = {2015.07.16}
}

@Article{Bielfeldt2003,
  Title                    = {Orestes im Medusengrab: Ein Versuch zum Betrachter},
  Author                   = {Bielfeldt, Ruth},
  Journal                  = {R\"{o}mische Mitteilungen},
  Year                     = {2003},
  Pages                    = {117-50},
  Volume                   = {110},

  Owner                    = {Will},
  Timestamp                = {2015.09.14}
}

@Book{Bigland1812,
  Title                    = {The Beauties of England and Wales},
  Author                   = {Bigland, J},
  Publisher                = {London},
  Year                     = {1812},

  Owner                    = {Will},
  Timestamp                = {2011.11.30}
}

@InCollection{Birk2010,
  Title                    = {Man or Woman? Cross-Gendering and Individuality on Third Century Roman Sarcophagi},
  Author                   = {Birk, Stine},
  Booktitle                = {Life, Death and Representation: Some New Work on Roman Sarcophagi},
  Publisher                = {Berlin},
  Year                     = {2010},
  Editor                   = {Elsner, J. and Huskinson, J.},
  Pages                    = {229-260},

  Owner                    = {Will},
  Timestamp                = {2011.11.28}
}

@Book{Birk2013,
  Title                    = {Depicting the Dead: Self-Representation and Commemoration on Roman Sarcophagi with Portraits},
  Author                   = {Stine Birk},
  Publisher                = {Aarhus},
  Year                     = {2013},

  Owner                    = {Will},
  Timestamp                = {2014.06.25}
}

@Book{Blazquez1993,
  Title                    = {Mosaicos Romanos de Espa\~{n}a},
  Author                   = {Jos\'{e} Mar\'{i}a Bl\'{a}quez},
  Publisher                = {Madrid},
  Year                     = {1993},

  Owner                    = {Will},
  Timestamp                = {2012.11.09}
}

@Article{Blake1936,
  Title                    = {Roman Mosaics of the Second Century in Italy},
  Author                   = {Marion Elizabeth Blake},
  Journal                  = {MAAR},
  Year                     = {1936},
  Pages                    = {67-214},
  Volume                   = {13}
}

@Article{Blome1990,
  Title                    = {Der Sarkophag Rinuccini. Eine unverhoffte Widerentdeckung},
  Author                   = {Blome, Peter},
  Journal                  = {JBerlM},
  Year                     = {1990},
  Pages                    = {35-68},
  Volume                   = {32},

  Owner                    = {Will},
  Timestamp                = {2014.10.03}
}

@Book{Boardman2014,
  Title                    = {The Triumph of Dionysos},
  Author                   = {John Boardman},
  Publisher                = {Oxford},
  Year                     = {2014},

  Owner                    = {Will},
  Timestamp                = {2015.02.14}
}

@Article{Boatwright1985,
  Title                    = {The ``Ara Ditis-Ustrinum of Hadrian'' in the Western Campus Martius and Other Problematic Roman Ustrina},
  Author                   = {Boatwright, Mary T.},
  Journal                  = {AJA},
  Year                     = {1985},
  Number                   = {3},
  Pages                    = {485-97},
  Volume                   = {89},

  Copyright                = {Copyright © 1985 Archaeological Institute of America},
  ISSN                     = {00029114},
  Jstor_articletype        = {research-article},
  Jstor_formatteddate      = {Jul., 1985},
  Language                 = {English},
  Publisher                = {Archaeological Institute of America},
  Timestamp                = {2015.08.06}
}

@InCollection{Bodel1999,
  Title                    = {Death on Display: Looking at Roman Funerals},
  Author                   = {John Bodel},
  Booktitle                = {The Art of Ancient Spectacle},
  Publisher                = {New Haven},
  Year                     = {1999},
  Editor                   = {Bettina Bergmann and Christine Kondoleon},
  Pages                    = {259-81},

  Owner                    = {Will},
  Timestamp                = {2015.09.14}
}

@Article{Bonfante1989,
  Title                    = {Nudity as a Costume in Classical Art},
  Author                   = {Larissa {Bonfante Warren}},
  Journal                  = {AJA},
  Year                     = {1989},
  Number                   = {4},
  Pages                    = {543-70},
  Volume                   = {94},

  Owner                    = {Will},
  Timestamp                = {2015.08.06}
}

@Article{Warren1970,
  Title                    = {Roman Triumphs and Etruscan Kings: The Changing Face of the Triumph},
  Author                   = {Larissa {Bonfante Warren}},
  Journal                  = {JRS},
  Year                     = {1970},
  Pages                    = {49-66},
  Volume                   = {60}
}

@Article{Warren1964,
  Title                    = {A Latin Triumph on a Praenestine Cista},
  Author                   = {Larissa {Bonfante Warren}},
  Journal                  = {AJA},
  Year                     = {1964},
  Number                   = {1},
  Pages                    = {35-42},
  Volume                   = {68},

  Owner                    = {Will},
  Timestamp                = {2015.08.06}
}

@InCollection{Borg2014,
  Title                    = {Rhetoric and Art in Third-Century AD Rome},
  Author                   = {Barbara Borg},
  Booktitle                = {Art and Rhetoric in Roman Culture},
  Publisher                = {Cambridge},
  Year                     = {2014},
  Editor                   = {Elsner, J. and Meyer, M.},
  Pages                    = {235-55},

  Owner                    = {Will},
  Timestamp                = {2015.08.06}
}

@Book{Borg2013,
  Title                    = {Crisis and Ambition: Tombs and Burial Customs in Third-century CE Rome},
  Author                   = {Borg, Barbara},
  Publisher                = {Oxford},
  Year                     = {2013},

  Owner                    = {Will},
  Timestamp                = {2015.08.06}
}

@Article{Boschung1989,
  Title                    = {Nobilia Opera: Zur Wirkungsgeschichte griechischer Meisterwerke im kaiserzeitlichen Rom},
  Author                   = {Dietrich Boschung},
  Journal                  = {AK},
  Year                     = {1989},
  Pages                    = {8-16},
  Volume                   = {32},

  Owner                    = {Will},
  Timestamp                = {2015.08.06}
}

@Book{Bosworth1988,
  Title                    = {From Arrian to Alexander: Studies in Historical Interpretation},
  Author                   = {Bosworth, A.B.},
  Publisher                = {Oxford},
  Year                     = {1988}
}

@InCollection{dinpocc,
  Title                    = {Dionysos (in Peripheria Occidentali)},
  Author                   = {Boucher, St\'{e}phanie},
  Booktitle                = {Lexicon Iconographicum Mythologiae Classicae},
  Publisher                = {Z\"{u}rich},
  Year                     = {1986},
  Pages                    = {908-23},
  Volume                   = {IV},

  Owner                    = {abxwl},
  Timestamp                = {2015.09.14}
}

@Article{Boyance1966,
  Title                    = {Dionysiaca: a propos d'une \'{e}tude r\'{e}cente sur l'initiation Dionysiaque},
  Author                   = {P. Boyanc\'{e}},
  Journal                  = {REA},
  Year                     = {1966},
  Pages                    = {33-60},
  Volume                   = {68},

  Owner                    = {Will},
  Timestamp                = {2015.01.22}
}

@Article{Bradley2004,
  Title                    = {On Captives under the Principate},
  Author                   = {Bradley, Keith},
  Journal                  = {Phoenix},
  Year                     = {2004},
  Number                   = {3/4},
  Pages                    = {298-318},
  Volume                   = {58}
}

@Article{Brelich1938,
  Title                    = {Trionfo e Morte},
  Author                   = {Brelich, A.},
  Journal                  = {SMSR},
  Year                     = {1938},
  Pages                    = {189-93},
  Volume                   = {14},

  Owner                    = {abxwl},
  Timestamp                = {2012.12.07}
}

@InCollection{Brilliant1999,
  Title                    = {{}``Let the Trumpets Roar!'' The Roman Triumph},
  Author                   = {Richard Brilliant},
  Booktitle                = {The Art of Ancient Spectacle},
  Publisher                = {New Haven},
  Year                     = {1999},
  Editor                   = {Bettina Bergmann and Christine Kondoleon},
  Pages                    = {221-9},

  Owner                    = {Will},
  Timestamp                = {2015.09.14}
}

@Article{Brilliant1992,
  Title                    = {Roman Myth / Greek Myth: Reciprocity and Appropriation on a Roman Sarcophagus in Berlin},
  Author                   = {Brilliant, R.},
  Journal                  = {SIFC},
  Year                     = {1992},
  Number                   = {2},
  Pages                    = {1030-45},
  Volume                   = {10},

  Owner                    = {Will},
  Timestamp                = {2014.10.06}
}

@Book{Brilliant1984,
  Title                    = {Visual Narratives: Storytelling in Etruscan and Roman Art},
  Author                   = {Richard Brilliant},
  Publisher                = {Ithaca},
  Year                     = {1984},

  Owner                    = {Will},
  Timestamp                = {2015.08.06}
}

@Article{Brilliant1967,
  Title                    = {The Arch of Septimius Severus in the Roman Forum},
  Author                   = {Brilliant, R.},
  Journal                  = {MAAR, Supplement},
  Year                     = {1967},
  Pages                    = {5-271},
  Volume                   = {29},

  Owner                    = {Will},
  Timestamp                = {2015.01.22}
}

@Book{Brilliant1963,
  Title                    = {Gesture and Rank in Roman Art},
  Author                   = {Richard Brilliant},
  Publisher                = {New Haven, CT},
  Year                     = {1963},

  Owner                    = {Will},
  Timestamp                = {2014.01.28}
}

@Article{Broneer1935,
  Title                    = {Excavations in Corinth, 1934},
  Author                   = {Broneer, Oscar},
  Journal                  = {AJA},
  Year                     = {1935},
  Number                   = {1},
  Pages                    = {53-75},
  Volume                   = {39},

  Jstor_formatteddate      = {Jan. - Mar., 1935},
  Publisher                = {Archaeological Institute of America}
}

@InCollection{Brooke2011,
  Title                    = {{}``Causa ante mortua est quam tu natus es': Aspects of the Funeral in Cicero's \emph{Pro Rabirio Perduellionis Reo}},
  Author                   = {Eleanor Brooke},
  Booktitle                = {Memory and Mourning: Studies on Roman Death},
  Publisher                = {Oxford},
  Year                     = {2011},
  Editor                   = {Hope, V. M. and Huskinson, J.},
  Pages                    = {93-112},

  Owner                    = {Will},
  Timestamp                = {2015.08.06}
}

@Book{Budde1964,
  Title                    = {A Catalogue of the Greek and Roman Sculpture in the Fitzwilliam Museum Cambridge},
  Author                   = {Budde, Ludwig and Nicholls, Richard},
  Publisher                = {Cambridge},
  Year                     = {1964},

  Owner                    = {Will},
  Timestamp                = {2014.08.02}
}

@Article{Burke1979,
  Title                    = {Roman Rites for the Dead and \emph{Aeneid} 6},
  Author                   = {Burke, Paul F., Jr.},
  Journal                  = {CJ},
  Year                     = {1979},
  Number                   = {3},
  Pages                    = {220-8},
  Volume                   = {74}
}

@InCollection{Burkert1993,
  Title                    = {Bacchic \emph{teletai} in the Hellenistic Age},
  Author                   = {Walter Burkert},
  Booktitle                = {Masks of Dionysus},
  Publisher                = {Ithaca},
  Year                     = {1993},
  Editor                   = {T. Carpenter and C. Faraone},
  Pages                    = {259-75},

  Owner                    = {Will},
  Timestamp                = {2015.09.14}
}

@InProceedings{Burn2013,
  Title                    = {Robert Pashley and the Pashley Sarcophagus},
  Author                   = {Burn, Lucilla},
  Booktitle                = {Excalibur: Essays on Antiquity and the History of Collecting in Honour of Arthur MacGregor},
  Year                     = {2013},
  Editor                   = {Wiegel, Hildegard and Vickers, Michael},
  Pages                    = {121-6},
  Series                   = {BAR International Series},

  Owner                    = {Will},
  Timestamp                = {2014.08.08}
}

@Incollection{Butcher2005,
  author    = {Kevin Butcher},
  title     = {Information, Legitimation, or Self-legitimation?},
  subtitle  = {Popular and Elite Designs on the Coin Types of Syria},
  pages     = {143-56},
  editor    = {Howgego, Christopher and Heuchert, Volker and Burnett, Andrew},
  booktitle = {Coinage and Identity in the Roman Provinces},
  publisher = {Oxford},
  year      = {2005},
  owner     = {Will},
  timestamp = {2015.09.14},
}

@Book{Becatti1971,
  author    = {Calza, G. and Becatti, G.},
  title     = {Ostia},
  publisher = {Rome, trans.\ Pennock, C. H., Meiggs, R},
  year      = {1971},
  volume    = {IV},
  owner     = {Will},
  timestamp = {2015.08.06},
}

@Article{Cameron2002,
  Title                    = {The Funeral of Junius Bassus},
  Author                   = {Alan Cameron},
  Journal                  = {ZPE},
  Year                     = {2002},
  Pages                    = {288-92},
  Volume                   = {139},

  Owner                    = {Will},
  Timestamp                = {2014.08.17}
}

@InCollection{Carroll2011,
  Title                    = {{}``The Mourning Was Very Good''. Liberation and Liberality in Roman Funerary Commemoration},
  Author                   = {Maureen Carroll},
  Booktitle                = {Memory and Mourning: Studies on Roman Death},
  Publisher                = {Oxford},
  Year                     = {2011},
  Editor                   = {Hope, V. M. and Huskinson, J.},
  Pages                    = {126-149},

  Owner                    = {Will},
  Timestamp                = {2015.08.06}
}

@Book{Casadio2009,
  Title                    = {Mystic Cults in Magna Graecia},
  Author                   = {Casadio, G. and Johnston, P.A.},
  Publisher                = {Austin, TX},
  Year                     = {2009}
}

@Book{Catalano1974,
  Title                    = {A Commentary on Jean-Paul Satre's ``Being and Nothingness''{}},
  Author                   = {Joseph S. Catalano},
  Publisher                = {Chicago},
  Year                     = {1974},

  Owner                    = {Will},
  Timestamp                = {2015.08.06}
}

@Article{Catling1988,
  Title                    = {Archaeology in Greece 1988-89},
  Author                   = {H. W. Catling},
  Journal                  = {AR},
  Year                     = {1989},
  Pages                    = {3-116},
  Volume                   = {35},

  Owner                    = {Will},
  Timestamp                = {2015.08.06}
}

@Book{Chancey2005,
  Title                    = {Greco-Roman Culture and the Galilee of Jesus},
  Author                   = {Chancey, M.A.},
  Publisher                = {Cambridge},
  Year                     = {2005},

  Timestamp                = {2015.08.06}
}

@Article{Chicoteau1997,
  Title                    = {The ``Orphic'' Tablets Depicted in a Roman Catacomb (c. 250 AD?)},
  Author                   = {Chicoteau, Marcel},
  Journal                  = {ZPE},
  Year                     = {1997},
  Pages                    = {81-3},
  Volume                   = {119},

  Jstor_articletype        = {research-article}
}

@Book{Clarke2003,
  Title                    = {Art in the Lives of Ordinary Romans: Visual Representation and Non-Elite Viewers in Italy, 100 B.C.--A.D.\ 315},
  Author                   = {John R. Clarke},
  Publisher                = {Berkeley},
  Year                     = {2003},

  Owner                    = {Will},
  Timestamp                = {2014.08.25}
}

@Book{Clarke1979,
  Title                    = {Roman Black-and-White Figural Mosaics},
  Author                   = {Clarke, John R.},
  Publisher                = {New York},
  Year                     = {1979},

  Owner                    = {Will},
  Timestamp                = {2012.11.09}
}

@Book{Clinton1977,
  Title                    = {A Late Antique Schrine of Liber Pater at Coca},
  Author                   = {Jacquelyn Collins Clinton},
  Publisher                = {Ansedonia},
  Year                     = {1977},

  Owner                    = {Will},
  Timestamp                = {2013.08.23}
}

@Book{Comstock1976,
  Title                    = {Sculpture in Stone: the Greek, Roman and Etruscan Collections of the Museum of Fine Arts, Boston},
  Author                   = {Comstock, M. B. and Vermeule, C. C.},
  Publisher                = {Boston, MA},
  Year                     = {1976},

  Address                  = {Boston, 1976},

  Timestamp                = {2015.08.06}
}

@Book{RRC,
  Title                    = {Roman Republican Coinage},
  Author                   = {M. H. Crawford},
  Publisher                = {Cambridge},
  Year                     = {1974},

  Owner                    = {Will},
  Timestamp                = {2015.04.02}
}

@Article{Crook1955,
  Title                    = {Review of ``Triumphalia: Imprese ed Onori Militari durante l'Imperio Romano'' by Barini, C.},
  Author                   = {John Crook},
  Journal                  = {JRS},
  Year                     = {1955},
  Pages                    = {238-9},
  Volume                   = {45},

  Owner                    = {abxwl},
  Timestamp                = {2013.12.31}
}

@Article{Csapo1997,
  Title                    = {Riding the Phallus for Dionysus: Iconology, Ritual, and Gender-Role De/Construction},
  Author                   = {Csapo, Eric},
  Journal                  = {Phoenix},
  Year                     = {1997},
  Pages                    = {253-95},
  Volume                   = {51},

  Copyright                = {Copyright © 1997 Classical Association of Canada},
  ISSN                     = {00318299},
  Jstor_articletype        = {research-article},
  Jstor_formatteddate      = {Autumn - Winter, 1997},
  Language                 = {English},
  Publisher                = {Classical Association of Canada}
}

@Book{Cumont1942,
  Title                    = {Recherches sur le symbolisme fun\'{e}raire des Romains},
  Author                   = {Franz Cumont},
  Publisher                = {Paris},
  Year                     = {1942},

  Owner                    = {Will},
  Timestamp                = {2013.12.29}
}

@Article{Cumont1933,
  Title                    = {La Grande Inscription Bachique du Metropolitan Museum. II. Commentaire Religieux de l'Inscription},
  Author                   = {Cumont, Franz},
  Journal                  = {AJA},
  Year                     = {1933},
  Number                   = {2},
  Pages                    = {232-63},
  Volume                   = {37}
}

@Book{Cumont1929,
  Title                    = {Les religions Orientales dans le paganisme Romain},
  Author                   = {Cumont, F.},
  Publisher                = {Paris},
  Year                     = {1929}
}

@Book{Cumont1922,
  Title                    = {After Life in Roman Paganism},
  Author                   = {Cumont, F.},
  Publisher                = {New Haven},
  Year                     = {1922},

  Owner                    = {Will},
  Timestamp                = {2012.07.29}
}

@Article{Cumont1916,
  Title                    = {Un Fragment de Sarcophage Judaeo-Pa\"{\i}enne},
  Author                   = {Cumont, F.},
  Journal                  = {RA},
  Year                     = {1916},
  Pages                    = {1-16},
  Volume                   = {5},

  Owner                    = {Will 2},
  Timestamp                = {2012.01.08}
}

@Article{DArms2000,
  Title                    = {Memory, Money and Status at Misenum: Three New Inscriptions from the \emph{collegium} of the Augustales},
  Author                   = {J. H. D'Arms},
  Journal                  = {JRS},
  Year                     = {2000},
  Pages                    = {126-44},
  Volume                   = {90},

  Owner                    = {Will},
  Timestamp                = {2015.09.14}
}

@Article{Damsky1990,
  Title                    = {The Stadium Aureus of Septimius Severus},
  Author                   = {Damsky, B. L.},
  Journal                  = {AJN},
  Year                     = {1990},
  Pages                    = {77-105},
  Volume                   = {2},

  Owner                    = {Will},
  Timestamp                = {2012.08.15}
}

@Article{Daux1942,
  Title                    = {Agamemnon, T\'{e}l\`{e}phe Dionysos Sphale\^{o}tas et les Attalides},
  Author                   = {Daux, Georges and Bousquet, Jean},
  Journal                  = {RA},
  Year                     = {1942},
  Number                   = {19},
  Pages                    = {113-25},
  Volume                   = {16},

  Owner                    = {Will},
  Timestamp                = {2014.11.03}
}

@Book{Davies2000,
  Title                    = {Death and the Emperor: Roman Imperial Funerary Monuments from Augustus to Marcus Aurelius},
  Author                   = {Davies, P. J. E.},
  Publisher                = {Cambridge},
  Year                     = {2000},

  Owner                    = {Will},
  Timestamp                = {2015.01.15}
}

@Book{Davis1914,
  Title                    = {The Asiatic Dionysos},
  Author                   = {Davis, G. M. N.},
  Publisher                = {London},
  Year                     = {1914}
}

@Book{Detienne1989,
  Title                    = {Dionysos at Large},
  Author                   = {Marcel Detienne},
  Publisher                = {Cambridge, MA},
  Year                     = {1989},

  Owner                    = {Will},
  Timestamp                = {2014.01.02}
}

@Article{Dickie1995,
  Title                    = {The Dionysiac Mysteries in Pella},
  Author                   = {Dickie, Matthew W.},
  Journal                  = {ZPE},
  Year                     = {1995},
  Pages                    = {81-6},
  Volume                   = {109},

  Copyright                = {Copyright ï¿½ 1995 Dr. Rudolf Habelt GmbH, Bonn (Germany)}
}

@Article{Dietrich1961,
  Title                    = {A Rite of Swinging During the Anthesteria},
  Author                   = {Dietrich, B. C.},
  Journal                  = {Hermes},
  Year                     = {1961},
  Number                   = {1},
  Pages                    = {36-50},
  Volume                   = {89},

  Timestamp                = {2015.08.06}
}

@Article{Dietrich1958,
  Title                    = {Dionysus Liknites},
  Author                   = {Dietrich, B. C.},
  Journal                  = {CQ},
  Year                     = {1958},
  Pages                    = {244-8},
  Volume                   = {8},

  Owner                    = {Will},
  Timestamp                = {2015.01.22}
}

@Book{Disselkamp1997,
  Title                    = {\emph{Christiani senatus lumina}: Zum Anteil r\"{o}mischer Frauen der Oberschicht im 4.\ und 5.\ Jahrhundert an der Christianisierung der r\"{o}mischen Senatsaristokratie},
  Author                   = {Disselkamp, Gabriele},
  Publisher                = {Bodenheim},
  Year                     = {1997},

  Owner                    = {Will},
  Timestamp                = {2015.08.07}
}

@Article{Dolansky2011,
  Title                    = {Honouring the Family Dead on the Parentalia: Ceremony, Spectacle, and Memory},
  Author                   = {Fanny Dolansky},
  Journal                  = {Phoenix},
  Year                     = {2011},
  Pages                    = {125-57},
  Volume                   = {65},

  Owner                    = {Will},
  Timestamp                = {2014.08.02}
}

@Book{Dover1978,
  Title                    = {Greek Homosexuality},
  Author                   = {K. J. Dover},
  Publisher                = {London},
  Year                     = {1978},

  Owner                    = {Will},
  Timestamp                = {2014.04.22}
}

@Book{Dowling2006,
  Title                    = {Clemency and Cruelty in the Ancient World},
  Author                   = {Melissa Barden Dowling},
  Publisher                = {Ann Arbor},
  Year                     = {2006},

  Owner                    = {Will},
  Timestamp                = {2015.08.07}
}

@Article{Duev2008,
  Title                    = {Zeus and Dionysus in the Light of Linear B Records},
  Author                   = {Duev, R.},
  Journal                  = {Colloquium Romanum: Atti del XII Colloquio Internazionale di Micenologia},
  Year                     = {2008},
  Pages                    = {223-30},
  Volume                   = {1}
}

@Book{Dunbabin2003,
  Title                    = {The Roman Banquet: Images of Conviviality},
  Author                   = {Katherine M. D. Dunbabin},
  Publisher                = {Cambridge},
  Year                     = {2003},

  Owner                    = {Will},
  Timestamp                = {2014.09.20}
}

@Book{Dunbabin1999,
  Title                    = {Mosaics of the Greek and Roman World},
  Author                   = {Katherine M. D. Dunbabin},
  Publisher                = {Cambridge},
  Year                     = {1999},

  Timestamp                = {2014.09.20}
}

@Article{Dunbabin1982,
  Title                    = {The Victorious Charioteer on Mosaics and Related Monuments},
  Author                   = {Dunbabin, Katherine M. D.},
  Journal                  = {AJA},
  Year                     = {1982},
  Number                   = {1},
  Pages                    = {65-89},
  Volume                   = {86},

  ISSN                     = {00029114},
  Publisher                = {Archaeological Institute of America}
}

@Book{Dunbabin1978,
  Title                    = {The Mosaics of Roman North Africa: Studies in Iconography and Patronage},
  Author                   = {Katherine M. D. Dunbabin},
  Publisher                = {Oxford},
  Year                     = {1978},

  Owner                    = {Will},
  Timestamp                = {2014.09.20}
}

@Article{Dunbabin1971,
  Title                    = {The Triumph of Dionysus on Mosaics in North Africa},
  Author                   = {Katherine M. D. Dunbabin},
  Journal                  = {PBSR},
  Year                     = {1971},
  Pages                    = {52-65},
  Volume                   = {39},

  Owner                    = {abxwl},
  Timestamp                = {2014.09.20}
}

@Article{Edmonds1999,
  Title                    = {Tearing Apart the Zagreus Myth: A Few Disparaging Remarks on Orphism and Original Sin},
  Author                   = {Edmonds, Radcliffe},
  Journal                  = {ClAnt},
  Year                     = {1999},
  Number                   = {1},
  Pages                    = {35-73},
  Volume                   = {18},

  Jstor_articletype        = {research-article},
  Jstor_formatteddate      = {Apr., 1999}
}

@Book{Edwards2007,
  Title                    = {Death in Ancient Rome},
  Author                   = {Edwards, C},
  Publisher                = {New Haven},
  Year                     = {2007},

  Owner                    = {Will},
  Timestamp                = {2015.08.07}
}

@Article{Elderkin1943,
  Title                    = {Review of ``Dionysiac Sarcophagi in Baltimore'' by Lehmann-Hartleben, K. and Olsen, E. C.},
  Author                   = {G. W. Elderkin},
  Journal                  = {ABull},
  Year                     = {1943},
  Number                   = {3},
  Pages                    = {274-6},
  Volume                   = {25},

  Owner                    = {Will},
  Timestamp                = {2015.08.06}
}

@InCollection{Elsner2012,
  author    = {Ja\'{s} Elsner},
  title     = {Decorative Imperatives - Between Concealment and Display: The Form of Sarcophagi},
  booktitle = {Sarcophagi: Chinese and Greco-Roman},
  publisher = {Cambridge, MA},
  year      = {2012},
  editor    = {Elsner J and Hung W and Pelizzi F},
  series    = {RES},
  pages     = {178-95},
  owner     = {Will},
  timestamp = {2015.09.14},
}

@InCollection{Elsner2014,
  Title                    = {Rational, Passionate and Appetitive: the Psychology of Rhetoric and the Transformation of Visual Culture from Non-Christian to Christian Sarcophagi in the Roman World},
  Author                   = {Elsner, J.},
  Booktitle                = {Art and Rhetoric in Roman Culture},
  Publisher                = {Cambridge},
  Year                     = {2014},
  Editor                   = {Elsner, J. and Meyer, M.},
  Pages                    = {316-49},

  Owner                    = {Will},
  Timestamp                = {2015.08.07}
}

@InCollection{Elsnerintro2014,
  Title                    = {Introduction},
  Author                   = {Elsner, J.},
  Booktitle                = {Art and Rhetoric in Roman Culture},
  Publisher                = {Cambridge},
  Year                     = {2014},
  Editor                   = {Elsner, J. and Meyer, M.},
  Pages                    = {1-34},

  Owner                    = {Will},
  Timestamp                = {2015.01.15}
}

@InCollection{Elsner2010a,
  Title                    = {Introduction},
  Author                   = {Ja\'{s} Elsner},
  Booktitle                = {Life, Death and Representation: Some New Work on Roman Sarcophagi},
  Publisher                = {Berlin},
  Year                     = {2010},
  Pages                    = {1-20},

  Owner                    = {Will},
  Timestamp                = {2015.09.14}
}

@Article{Elsner2007a,
  Title                    = {Viewing Ariadne: From Ekphrasis to Wall Painting in the Roman World},
  Author                   = {Ja\'{s} Elsner},
  Journal                  = {CPh},
  Year                     = {2007},
  Number                   = {1},
  Pages                    = {20-44},
  Volume                   = {102},

  Owner                    = {Will},
  Timestamp                = {2015.08.06}
}

@Book{Elsner2007b,
  Title                    = {Roman Eyes: Visuality and Subjectivity in Art and Text},
  Author                   = {Ja\'{s} Elsner},
  Publisher                = {Princeton},
  Year                     = {2007},

  Owner                    = {Will},
  Timestamp                = {2015.07.06}
}

@Article{Elsner2003,
  Title                    = {Archaeologies and Agendas: Reflections on Late Ancient Jewish Art and Early Christian Art},
  Author                   = {Ja\'{s} Elsner},
  Journal                  = {JRS},
  Year                     = {2003},
  Pages                    = {114-28},
  Volume                   = {93}
}

@Book{Elsner1998,
  Title                    = {Imperial Rome and Christian Triumph: The Art of the Roman Empire AD 100--450},
  Author                   = {Ja\'{s} Elsner},
  Publisher                = {Oxford},
  Year                     = {1998},

  Owner                    = {Will},
  Timestamp                = {2015.08.07}
}

@Book{Elsner1995,
  Title                    = {Art and the Roman Viewer: The Transformation of Art from the Pagan World to Christianity},
  Author                   = {Ja\'{s} Elsner},
  Publisher                = {Cambridge},
  Year                     = {1995},

  Owner                    = {Will},
  Timestamp                = {2015.01.22}
}

@Book{Engels1999,
  Title                    = {The Classical Cat: the Rise and Fall of the Sacred Cat},
  Author                   = {Donald D. Engels},
  Publisher                = {London},
  Year                     = {1999},

  Owner                    = {Will},
  Timestamp                = {2014.01.03}
}

@Book{Erasmo2008,
  Title                    = {Reading Death in Ancient Rome},
  Author                   = {Mario Erasmo},
  Publisher                = {Columbus OH},
  Year                     = {2008},

  Owner                    = {Will},
  Timestamp                = {2013.12.29}
}

@Incollection{Ewald2010,
  author    = {Ewald, Björn C.},
  title     = {Myth and Visual Narrative in the Second Sophistic --- A Comparative Approach: Notes on an Attic Hipplytos Sarcophagus in Agrigento},
  pages     = {261-307},
  editor    = {Elsner, J. and Huskinson, J.},
  booktitle = {Life, Death and Representation: Some New Work on Roman Sarcophagi},
  publisher = {Berlin},
  year      = {2010},
  owner     = {Will},
  timestamp = {2015.08.07},
}

@Incollection{Ewald2015,
  author    = {Ewald, Björn C.},
  title     = {Funerary Monuments},
  pages     = {390-406},
  editor    = {Elise A. Friedland and Melanie Grunow Sobocinski and Elaine K. Gazda},
  booktitle = {The Oxford Handbook of Roman Sculpture},
  publisher = {Oxford},
  year      = {2015},
  owner     = {Will},
  timestamp = {2015.07.14},
}

@Article{Ewald2012,
  author    = {Ewald, Björn C.},
  title     = {Paradigms of Personhood and Regimes of Representation: Some Notes on the Transformation of Roman Sarcophagi},
  volume    = {61/2},
  pages     = {43-65},
  year      = {2012},
  journal   = {RES},
  number    = {Pellizzi, Francesco and Elsner, Jas and Hung, Wu (eds.)},
  owner     = {Will},
  timestamp = {2015.01.09},
}

@Review{Ewald2008,
  author    = {Ewald, Björn C.},
  number    = {2},
  title     = {Review of ``The Roman Nude: Heroic Portrait Statuary 200 B.C.--A.D.\ 300'' by Hallett, C. H.},
  pages     = {286-92},
  volume    = {90},
  year      = {2008},
  journal   = {ABull},
  timestamp = {2015.08.06},
}

@Article{Ewald2003,
  author    = {Ewald, Björn C.},
  title     = {Sarcophagi and Senators: The Social History of Roman Funerary Art and its Limits},
  volume    = {16},
  pages     = {561-71},
  year      = {2003},
  journal   = {JRA},
  owner     = {Will},
  timestamp = {2015.08.07},
}

@Book{Ewald1999,
  author    = {Ewald, Björn C.},
  title     = {Der Philosoph als Leitbild: Ikonographische Untersuchungen an r\"{o}mischen Sarkophagreliefs},
  publisher = {Mainz},
  year      = {1999},
  owner     = {Will},
  timestamp = {2015.07.15},
}

@Article{Ewald1999a,
  author    = {Ewald, Björn C.},
  title     = {Death and Myth: New Books on Roman Sarcophagi},
  volume    = {103},
  pages     = {344-8},
  year      = {1999},
  journal   = {AJA},
  number    = {2},
  owner     = {Will},
  timestamp = {2015.07.16},
}

@Book{Fairbanks1910,
  Title                    = {A Handbook of Greek Religion},
  Author                   = {Fairbanks, A.},
  Publisher                = {New York},
  Year                     = {1910}
}

@Book{Favro1996,
  Title                    = {The Urban Image of Augustan Rome},
  Author                   = {Diane Favro},
  Publisher                = {Cambridge},
  Year                     = {1996},

  Owner                    = {Will},
  Timestamp                = {2015.03.03}
}

@Article{Feldherr2000,
  Title                    = {Non inter nota sepulcra: Catullus 101 and Roman Funerary Ritual},
  Author                   = {Feldherr, Andrew},
  Journal                  = {ClAnt},
  Year                     = {2000},
  Number                   = {2},
  Pages                    = {209-231},
  Volume                   = {19}
}

@Book{Fine2005,
  Title                    = {Art and Judaism in the Greco-Roman World: Toward a New Jewish Archaeology},
  Author                   = {Fine, S.},
  Publisher                = {Cambridge},
  Year                     = {2005},

  Timestamp                = {2015.08.04}
}

@Book{Finglass2007,
  Title                    = {Sophocles Electra: Text and Commentary},
  Author                   = {Patrick J. Finglass},
  Publisher                = {Oxford},
  Year                     = {2007},

  Owner                    = {Will},
  Timestamp                = {2013.10.23}
}

@Article{Fiorelli1885a,
  Title                    = {Rome, Via Salaria},
  Author                   = {Giuseppe Fiorelli},
  Journal                  = {NSA},
  Year                     = {1885},
  Pages                    = {February, 42-5},

  Owner                    = {Will},
  Timestamp                = {2014.08.30}
}

@Article{Fiorelli1885b,
  Title                    = {Rome, Via Salaria},
  Author                   = {Giuseppe Fiorelli},
  Journal                  = {NSA},
  Year                     = {1885},
  Pages                    = {March, 74-7},

  Owner                    = {Will},
  Timestamp                = {2014.08.30}
}

@Article{Fiorelli1884,
  Title                    = {Rome, Via Salaria},
  Author                   = {Giuseppe Fiorelli},
  Journal                  = {NSA},
  Year                     = {1884},
  Pages                    = {November, 393-4},

  Owner                    = {Will},
  Timestamp                = {2014.08.30}
}

@Article{Fishwick2002,
  Title                    = {The Deification of Claudius},
  Author                   = {Fishwick, Duncan},
  Journal                  = {CQ},
  Year                     = {2002},
  Number                   = {1},
  Pages                    = {341-49},
  Volume                   = {52},

  Timestamp                = {2015.01.22}
}

@InCollection{Fittschen2010,
  Title                    = {The Portraits of Roman Emperors and Their Families: Controversial Positions and Unsolved Problems},
  Author                   = {Klaus Fittschen},
  Booktitle                = {The Emperor and Rome: Space, Representation, and Ritual},
  Publisher                = {Cambridge},
  Year                     = {2010},
  Editor                   = {Ewald, B. C. and Nore\~{n}a, C. F.},
  Pages                    = {221-246},

  Owner                    = {Will},
  Timestamp                = {2015.08.07}
}

@Article{Fittschen1992,
  Title                    = {Der Tod der Kreusa und der Niobiden. \"{U}berlegungen zur Deutung griechischer Mythen auf r\"{o}mischen Sarkophagen},
  Author                   = {Klaus Fittschen},
  Journal                  = {SIFC},
  Year                     = {1992},
  Pages                    = {1046-59},
  Volume                   = {10},

  Booktitle                = {Giornate Pisane. Atti del IX.\ Congresso della FIEC, Studi Italiani di Filologia Classica},
  Owner                    = {Will},
  Series                   = {III},
  Timestamp                = {2015.08.06}
}

@Article{Fittschen1972,
  Title                    = {Das Bildprogramm des Trajansbogen zu Benevent},
  Author                   = {Klaus Fittschen},
  Journal                  = {AA},
  Year                     = {1972},
  Pages                    = {742-88},
  Volume                   = {87},

  Owner                    = {Will},
  Timestamp                = {2015.08.06}
}

@Article{Flory1998,
  Title                    = {The Integration of Women into the Roman Triumph},
  Author                   = {Flory, Marleen B.},
  Journal                  = {Historia},
  Year                     = {1998},
  Number                   = {4},
  Pages                    = {489-94},
  Volume                   = {47},

  Copyright                = {Copyright © 1998 Franz Steiner Verlag},
  ISSN                     = {00182311},
  Jstor_articletype        = {research-article},
  Jstor_formatteddate      = {4th Qtr., 1998},
  Language                 = {English},
  Publisher                = {Franz Steiner Verlag}
}

@Book{Flower1996,
  Title                    = {Ancestor Masks and Aristocratic Power in Roman Culture},
  Author                   = {Harriet I. Flower},
  Publisher                = {Oxford},
  Year                     = {1996},

  Owner                    = {Will},
  Timestamp                = {2014.08.20}
}

@InCollection{Foucher1975,
  Title                    = {Le Char de Dionysos},
  Author                   = {Louis Foucher},
  Booktitle                = {La Mosa\"{i}que Gr\'{e}co-Romaine},
  Publisher                = {Paris},
  Year                     = {1975},
  Editor                   = {Picard, A. J.},
  Pages                    = {55-61},
  Volume                   = {II},

  Owner                    = {Will},
  Timestamp                = {2012.11.08}
}

@Article{Fowler1916,
  Title                    = {Jupiter and the Triumphator},
  Author                   = {Fowler, W. Warde},
  Journal                  = {CR},
  Year                     = {1916},
  Pages                    = {153-7},
  Volume                   = {30},

  Timestamp                = {2015.08.06}
}

@Article{Franken1999,
  Title                    = {Elefantenreiter: Zum Typus der Barbarenstatuette von Gro\ss{}sachsenheim},
  Author                   = {Norbert Franken},
  Journal                  = {JDAI},
  Year                     = {1999},
  Pages                    = {125-56},
  Volume                   = {114},

  Owner                    = {Will},
  Timestamp                = {2015.08.06}
}

@Book{Frazer1922,
  Title                    = {The Golden Bough : A Study in Magic and Religion [abridged]},
  Author                   = {James George Frazer},
  Publisher                = {London},
  Year                     = {1922},

  Owner                    = {Will},
  Timestamp                = {2015.08.07}
}

@Article{Fredrick1995,
  Title                    = {Beyond the Atrium to Ariadne: Erotic Painting and Visual Pleasure in the Roman House},
  Author                   = {Fredrick, David},
  Journal                  = {ClAnt},
  Year                     = {1995},
  Number                   = {2},
  Pages                    = {266-88},
  Volume                   = {14}
}

@Book{Fremersdorf1957,
  Title                    = {Das R\"{o}mergrab in Weiden bei K\"{o}ln},
  Author                   = {Fritz Fremersdorf},
  Publisher                = {K\"{o}ln},
  Year                     = {1957},

  Owner                    = {Will},
  Timestamp                = {2014.10.16}
}

@Book{Friedlander1945,
  Title                    = {Documents of Dying Paganism},
  Author                   = {P. Friedl\"{a}nder},
  Publisher                = {Berkeley},
  Year                     = {1945},

  Owner                    = {Will},
  Timestamp                = {2013.10.23}
}

@Book{Gabelmann1992,
  Title                    = {Der Triumphbogen in Zagarolo},
  Author                   = {Hanns Gabelmann},
  Publisher                = {Cologne},
  Year                     = {1992},

  Owner                    = {Will},
  Timestamp                = {2015.08.25}
}

@Article{Gage1932,
  Title                    = {Un th\`{e}me de l'art imp\'{e}rial romain : la Victoire d'Auguste},
  Author                   = {J. Gag\'{e}},
  Journal                  = {MEFRA},
  Year                     = {1932},
  Pages                    = {61-92},
  Volume                   = {49},

  Owner                    = {Will},
  Timestamp                = {2015.08.06}
}

@InCollection{Gasparri1986,
  Title                    = {Dionysos/Bacchus},
  Author                   = {Gasparri, C.},
  Booktitle                = {Lexicon Iconographicum Mythologiae Classicae},
  Publisher                = {Z\"{u}rich},
  Year                     = {1986},
  Pages                    = {541-66},
  Volume                   = {III},

  Owner                    = {abxwl},
  Timestamp                = {2015.09.14}
}

@InCollection{Gazda2002,
  Title                    = {Beyond Copying: Artistic Originality and Tradition},
  Author                   = {Elaine K Gazda},
  Booktitle                = {The Ancient Art of Emulation: Studies in Artistic Originality and Tradition from the Present to Classical Antiquity},
  Publisher                = {Michigan},
  Year                     = {2002},
  Editor                   = {Elaine K. Gazda},
  Pages                    = {1-24},

  Owner                    = {Will},
  Timestamp                = {2015.06.20}
}

@Book{Gazda2000,
  Title                    = {The Villa of the Mysteries in Pompeii: Ancient Ritual, Modern Muse},
  Author                   = {Gazda, E. K.},
  Publisher                = {Michigan},
  Year                     = {2000}
}

@InCollection{Geertz1973,
  Title                    = {Thick Description: Towards an Interpretive Theory of Culture},
  Author                   = {Geertz, C.},
  Booktitle                = {The Interpretation of Cultures},
  Publisher                = {New York},
  Year                     = {1973},
  Pages                    = {3-30},

  Owner                    = {Will},
  Timestamp                = {2012.05.10}
}

@Book{Geissen,
  Title                    = {Katalog alexandrinischer Kaiserm\"{u}nzen (5 vols)},
  Author                   = {Geissen, A.},
  Publisher                = {Cologne},
  Year                     = {1974-83},

  Owner                    = {Will},
  Timestamp                = {2015.08.18}
}

@Book{Gerke1978,
  Title                    = {Die christlichen Sarkophage der vorkonstantinischen Zeit},
  Author                   = {Friedrich Gerke},
  Publisher                = {Berlin},
  Year                     = {1978},

  Owner                    = {Will},
  Timestamp                = {2014.08.03}
}

@Article{Gessert2004,
  Title                    = {Myth as Consolatio: Medea on Roman Sarcophagi},
  Author                   = {Gessert, Genevieve},
  Journal                  = {G\&R},
  Year                     = {2004},
  Number                   = {2},
  Pages                    = {217-49},
  Volume                   = {51}
}

@Book{Geyer1977,
  Title                    = {Das Problem des Realit\"{a}tsbezuges in der Dionysischen Bildkunst der Kaiserzeit},
  Author                   = {Angelika Geyer},
  Publisher                = {W\"{u}rzburg},
  Year                     = {1977},

  Owner                    = {Will},
  Timestamp                = {2013.08.14}
}

@Article{Giuliani1989,
  Title                    = {Achill-Sarkophage in Ost und West: Genese einer Ikonographie},
  Author                   = {Giuliani, Luca},
  Journal                  = {JBerlM},
  Year                     = {1989},
  Pages                    = {25-39},
  Volume                   = {31}
}

@Article{Goldman1961,
  Title                    = {The Question of a Judaic Aesthetic in Ancient Synagogue Art},
  Author                   = {Goldman, Bernard},
  Journal                  = {The Journal of Aesthetics and Art Criticism},
  Year                     = {1961},
  Number                   = {3},
  Pages                    = {295-304},
  Volume                   = {19}
}

@Book{Gombrich1960,
  Title                    = {Art and Illusion},
  Author                   = {E. H. Gombrich},
  Publisher                = {Oxford},
  Year                     = {1960},

  Owner                    = {Will},
  Timestamp                = {2013.04.28}
}

@Article{Goodenough1946,
  Title                    = {The Crown of Victory in Judaism},
  Author                   = {Goodenough, Erwin R.},
  Journal                  = {ABull},
  Year                     = {1946},
  Number                   = {3},
  Pages                    = {139-59},
  Volume                   = {28}
}

@InCollection{Gozlan1992,
  Title                    = {La Maison du Triomphe de Neptune \`{a} Acholla, I: Les mosa\"{i}ques},
  Author                   = {Gozlan, S.},
  Booktitle                = {Collection de l'\'{E}cole fran\c{c}aise de Rome},
  Publisher                = {Rome},
  Year                     = {1992},
  Volume                   = {160},

  Owner                    = {Will 2},
  Timestamp                = {2015.08.07}
}

@Book{Graef1886,
  Title                    = {De Bacchi Expeditione Indica Monumentis Expressa},
  Author                   = {Graef, B.},
  Publisher                = {Berlin},
  Year                     = {1886},

  Owner                    = {Will 2},
  Timestamp                = {2012.04.23}
}

@Article{Graeven1900,
  Title                    = {Die Darstellungen der Inder in antiken Kunstwerken},
  Author                   = {Graeven, H.},
  Journal                  = {JDAI},
  Year                     = {1900},
  Pages                    = {195-218},
  Volume                   = {15},

  Owner                    = {Will},
  Timestamp                = {2015.08.06}
}

@InCollection{Graham2011,
  Title                    = {Memory and Materiality: Re-embodying the Roman Funeral},
  Author                   = {Emma-Jayne Graham},
  Booktitle                = {Memory and Mourning: Studies on Roman Death},
  Publisher                = {Oxford},
  Year                     = {2011},
  Editor                   = {Hope, V. M. and Huskinson, J.},
  Pages                    = {21-39},

  Owner                    = {Will},
  Timestamp                = {2011.11.28}
}

@Book{Grassinger1999,
  Title                    = {Die mythologischen Sarkophage: Teil 1, Achill bis Amazonen},
  Author                   = {Dagmar Grassinger},
  Publisher                = {Berlin},
  Year                     = {1999},
  Series                   = {Die Antiken Sarkophagreliefs},
  Volume                   = {XII},

  Owner                    = {Will},
  Timestamp                = {2015.08.07}
}

@Book{BMCMedallions,
  Title                    = {Roman Medallions in the British Museum},
  Author                   = {Herbert A. Grueber},
  Publisher                = {London},
  Year                     = {1874},
  Series                   = {A Catalogue of the Roman Coins in the British Museum},

  Owner                    = {Will},
  Timestamp                = {2015.04.02}
}

@InCollection{Grummond2000,
  Title                    = {Bacchic Imagery and Cult Practice in Roman Italy},
  Author                   = {Elizabeth de Grummond},
  Booktitle                = {The Villa of the Mysteries in Pompeii: Ancient Ritual, Modern Muse},
  Publisher                = {Michigan},
  Year                     = {2000},
  Editor                   = {Gazda, E. K.},
  Pages                    = {75-83},

  Owner                    = {Will},
  Timestamp                = {2011.11.28}
}

@Article{DeGrummond2000a,
  Title                    = {A Bacchic Sarcophagus in the Kelsey Museum},
  Author                   = {Elizabeth de Grummond},
  Journal                  = {BMusUM},
  Year                     = {2000},
  Pages                    = {114-7},
  Volume                   = {13},

  Owner                    = {Will},
  Timestamp                = {2015.09.14}
}

@InCollection{Grummond2015,
  Title                    = {Etruscan Connections},
  Author                   = {Nancy T.\ de Grummond},
  Booktitle                = {The Oxford Handbook of Roman Sculpture},
  Publisher                = {Oxford},
  Year                     = {2015},
  Editor                   = {Elise A. Friedland and Melanie Grunow Sobocinski and Elaine K. Gazda},
  Pages                    = {224-39},

  Owner                    = {Will},
  Timestamp                = {2015.08.07}
}

@Article{Gustafson1997,
  Title                    = {Inscripta in Fronte: Penal Tattooing in Late Antiquity},
  Author                   = {Gustafson, W. Mark},
  Journal                  = {ClAnt},
  Year                     = {1997},
  Number                   = {1},
  Pages                    = {79-105},
  Volume                   = {16}
}

@Article{Holscher2005,
  Title                    = {The Public Monumentalism of the Roman Republic},
  Author                   = {Tonio H\"{o}lscher},
  Journal                  = {JRA},
  Year                     = {2005},
  Pages                    = {472-8},
  Volume                   = {18},

  Owner                    = {Will},
  Timestamp                = {2015.03.03}
}

@Book{Hoelscher2004,
  Title                    = {The Language of Images in Roman Art},
  Author                   = {Tonio H\"{o}lscher},
  Publisher                = {Cambridge},
  Year                     = {2004},

  Owner                    = {Will},
  Timestamp                = {2015.08.08}
}

@Book{Holscher1967,
  Title                    = {Victoria Romana},
  Author                   = {Tonio H\"{o}lscher},
  Publisher                = {Mainz},
  Year                     = {1967},

  Owner                    = {Will},
  Timestamp                = {2015.02.19}
}

@Book{Hachlili2001,
  Title                    = {The Menorah, the Ancient Seven-Armed Candelabrum: Origin, Form, and Significance},
  Author                   = {Hachlili, R.},
  Publisher                = {Leiden},
  Year                     = {2001}
}

@Book{Hallett2005,
  Title                    = {The Roman Nude: Heroic Portrait Statuary 200 B.C.--A.D.\ 300},
  Author                   = {Christopher H. Hallett},
  Publisher                = {Oxford},
  Year                     = {2005},

  Owner                    = {Will},
  Timestamp                = {2015.02.03}
}

@InCollection{Hammer2000,
  Title                    = {Women, Ritual, and Social Standing in Roman Italy},
  Author                   = {Catherine Hammer},
  Booktitle                = {The Villa of the Mysteries in Pompeii: Ancient Ritual, Modern Muse},
  Publisher                = {Michigan},
  Year                     = {2000},
  Editor                   = {Gazda, E. K. },
  Pages                    = {38-49},

  Owner                    = {Will},
  Timestamp                = {2015.08.07}
}

@Book{Hanfmann1951c,
  Title                    = {The Season Sarcophagus in Dumbarton Oaks vol. 2: Catalogue and Notes},
  Author                   = {Hanfmann, G. M. A.},
  Publisher                = {Cambridge, MA},
  Year                     = {1951},

  Owner                    = {Will},
  Timestamp                = {2012.01.25}
}

@Book{Hanfmann1951t,
  Title                    = {The Season Sarcophagus in Dumbarton Oaks vol. 1: Text},
  Author                   = {Hanfmann, G. M. A.},
  Publisher                = {Cambridge, MA},
  Year                     = {1951},

  Owner                    = {Will},
  Timestamp                = {2012.01.25}
}

@Article{Harrison1914,
  Title                    = {The Meaning of the Word TELETE},
  Author                   = {Harrison, J. E.},
  Journal                  = {CR},
  Year                     = {1914},
  Number                   = {2},
  Pages                    = {36-8},
  Volume                   = {28},

  Timestamp                = {2015.08.06}
}

@Article{Harrison1904,
  Title                    = {Mystica Vannus Iacchi (Continued)},
  Author                   = {Harrison, Jane Ellen},
  Journal                  = {JHS},
  Year                     = {1904},
  Pages                    = {241-54},
  Volume                   = {24},

  Jstor_formatteddate      = {1904}
}

@Article{Harrison1903,
  Title                    = {Mystica Vannus Iacchi},
  Author                   = {Harrison, Jane E.},
  Journal                  = {JHS},
  Year                     = {1903},
  Pages                    = {292-324},
  Volume                   = {23}
}

@Article{Harrison1903b,
  Title                    = {Note on the Mystica Vannus Iacchi},
  Author                   = {Harrison, Jane E.},
  Journal                  = {ABSA},
  Year                     = {1903},
  Pages                    = {144-147},
  Volume                   = {10},

  Jstor_formatteddate      = {1903/1904}
}

@Book{BMCPhrygia,
  Title                    = {Catalogue of the Coins of Phrygia},
  Author                   = {B. V. Head},
  Publisher                = {London},
  Year                     = {1906},
  Series                   = {A Catalogue of the Greek Coins in the British Museum},

  Owner                    = {Will},
  Timestamp                = {2015.08.06}
}

@Article{Head1887,
  Title                    = {Notices of Recent Numismatic Publications},
  Author                   = {Barclay V. Head},
  Journal                  = {The Numismatic Chronicle and Journal of the Numismatic Society},
  Year                     = {1887},
  Pages                    = {349-55},
  Volume                   = {7},

  Owner                    = {Will},
  Timestamp                = {2014.01.08}
}

@Article{Heidenreich1958,
  Title                    = {Tod und Triumph in der r\"{o}mischen Kunst},
  Author                   = {Heidenreich, R.},
  Journal                  = {Gymnasium},
  Year                     = {1958},
  Pages                    = {326-40},
  Volume                   = {58},

  Owner                    = {Will},
  Timestamp                = {2015.06.27}
}

@InCollection{Hekster2005,
  Title                    = {Propagating Power: Hercules as an Example for Second Century Emperors},
  Author                   = {Oliver Hekster},
  Booktitle                = {Herakles and Hercules: Exploring a Graeco-Roman Divinity},
  Publisher                = {Swansea},
  Year                     = {2005},
  Editor                   = {Hugh Bowden and Louis Rawlings},
  Pages                    = {205-21},

  Owner                    = {Will},
  Timestamp                = {2015.09.14}
}

@Book{Hekster2002,
  Title                    = {Commodus: An Emperor at the Crossroads},
  Author                   = {Hekster, O.},
  Publisher                = {Leiden},
  Year                     = {2002},

  Timestamp                = {2015.08.07}
}

@Book{Herdejurgen1996,
  Title                    = {Stadtr\"{o}mische und Italische Girlandensarkophage: die Sarkophage des Ersten und Zweiten Jahrhunderts, Teil 2, Faszikel 1},
  Author                   = {Herdej\"{u}rgen, Helga},
  Publisher                = {Berlin},
  Year                     = {1996},
  Series                   = {Die Antiken Sarkophagreliefs},
  Volume                   = {VI},

  Owner                    = {Will},
  Timestamp                = {2015.01.09}
}

@Book{Heslin2005,
  Title                    = {The Transvestite Achilles: Gender and Genre in Statius' Achilleid},
  Author                   = {Heslin, P.J.},
  Publisher                = {Cambridge},
  Year                     = {2005},

  ISBN                     = {9780521851459},
  Lccn                     = {2005296794}
}

@Article{Hickson1991,
  Title                    = {Augustus \emph{triumphator}: Manipulation of the Triumphal Theme in the Political Program of Augustus},
  Author                   = {Hickson, Frances V.},
  Journal                  = {Latomus},
  Year                     = {1991},
  Number                   = {1},
  Pages                    = {124-38},
  Volume                   = {50},

  Owner                    = {Will},
  Timestamp                = {2015.08.07}
}

@Book{Himmelmann1973,
  Title                    = {Typologische Untersuchungen an r\"{o}mischen Sarkophagreliefs des 3.\ und 4.\ Jahrhunderts n.\ Chr.},
  Author                   = {N. Himmelmann},
  Publisher                = {Mainz},
  Year                     = {1973},

  Owner                    = {Will},
  Timestamp                = {2015.07.26}
}

@Book{Hinks1933,
  Title                    = {Catalogue of the Greek, Etruscan and Roman Paintings and Mosaics in the British Museum},
  Author                   = {R. P. Hinks},
  Publisher                = {London},
  Year                     = {1933},

  Owner                    = {abxwl},
  Timestamp                = {2015.08.07}
}

@Article{Hodges2001,
  Title                    = {The Ideal Prepuce in Ancient Greece and Rome},
  Author                   = {F. M. Hodges},
  Journal                  = {BHM},
  Year                     = {2001},
  Pages                    = {375-405},
  Volume                   = {75},

  Owner                    = {Will},
  Timestamp                = {2015.08.06}
}

@Article{Holliday1997,
  Title                    = {Roman Triumphal Painting: Its Function, Development, and Reception},
  Author                   = {Holliday, Peter J.},
  Journal                  = {ABull},
  Year                     = {1997},
  Number                   = {1},
  Pages                    = {130-47},
  Volume                   = {79},

  Timestamp                = {2015.08.06}
}

@Article{Hoorn1915,
  Title                    = {De Origine Cistophorum},
  Author                   = {van Hoorn, G.},
  Journal                  = {Mnemosyne},
  Year                     = {1915},
  Pages                    = {233-7},
  Volume                   = {43},

  Owner                    = {Will},
  Timestamp                = {2013.03.04}
}

@InCollection{Hope2011,
  Title                    = {Remembering to Mourn: Personal Mementos of the Dead in Ancient Rome},
  Author                   = {Valerie M. Hope},
  Booktitle                = {Memory and Mourning: Studies on Roman Death},
  Publisher                = {Oxford},
  Year                     = {2011},
  Editor                   = {Hope, V. M. and Huskinson, J.},
  Pages                    = {176-195},

  Owner                    = {Will},
  Timestamp                = {2011.11.28}
}

@Book{Hope2009,
  Title                    = {Roman Death},
  Author                   = {Valerie M. Hope},
  Publisher                = {Cornwall},
  Year                     = {2009},

  Owner                    = {Will},
  Timestamp                = {2012.07.19}
}

@Book{Hopkins1983,
  Title                    = {Death and Renewal},
  Author                   = {Hopkins, K.},
  Publisher                = {Cambridge},
  Year                     = {1983},

  Owner                    = {Will},
  Timestamp                = {2013.12.29}
}

@InCollection{Houghton2011,
  Title                    = {Death Ritual and Burial Practice in the Latin Love Elegists},
  Author                   = {Luke B. T. Houghton},
  Booktitle                = {Memory and Mourning: Studies on Roman Death},
  Publisher                = {Oxford},
  Year                     = {2011},
  Editor                   = {Hope, V. M. and Huskinson, J.},
  Pages                    = {61-77},

  Owner                    = {Will},
  Timestamp                = {2011.11.28}
}

@Article{Housman1918,
  Title                    = {Jests of Plautus, Cicero, and Trimalchio},
  Author                   = {Housman, A. E.},
  Journal                  = {CR},
  Year                     = {1918},
  Pages                    = {162-4},
  Volume                   = {32},

  Copyright                = {Copyright © 1918 The Classical Association},
  ISSN                     = {0009840X},
  Jstor_articletype        = {research-article},
  Jstor_formatteddate      = {Nov. - Dec., 1918},
  Language                 = {English},
  Publisher                = {Cambridge University Press on behalf of The Classical Association},
  Timestamp                = {2015.08.06}
}

@Book{Howard1978,
  Title                    = {The Lansdowne Herakles},
  Author                   = {Seymour Howard},
  Publisher                = {Los Angeles, CA},
  Year                     = {1978},

  Owner                    = {Will},
  Timestamp                = {2015.03.30}
}

@InCollection{Hulls2011,
  Title                    = {Poetic Monuments: Grief and Consolation in Statius \emph{Silvae} 3.3},
  Author                   = {Jean-Michel Hulls},
  Booktitle                = {Memory and Mourning: Studies on Roman Death},
  Publisher                = {Oxford},
  Year                     = {2011},
  Editor                   = {Hope, V. M. and Huskinson, J.},
  Pages                    = {150-175},

  Owner                    = {Will},
  Timestamp                = {2011.11.28}
}

@InCollection{Huskinson2011,
  Title                    = {Bad Deaths, Better Memories},
  Author                   = {Janet Huskinson},
  Booktitle                = {Memory and Mourning: Studies on Roman Death},
  Publisher                = {Oxford},
  Year                     = {2011},
  Editor                   = {Hope, V. M. and Huskinson, J.},
  Pages                    = {113-125},

  Owner                    = {Will},
  Timestamp                = {2011.11.28}
}

@Book{Huskinson1996,
  Title                    = {Roman Children's Sarcophagi},
  Author                   = {Janet Huskinson},
  Publisher                = {Oxford},
  Year                     = {1996},

  Owner                    = {Will},
  Timestamp                = {2014.01.02}
}

@Book{Huxley1954,
  Title                    = {The Doors of Perception},
  Author                   = {Aldous Huxley},
  Publisher                = {London},
  Year                     = {1954},

  Owner                    = {Will},
  Timestamp                = {2014.12.28}
}

@InCollection{Jacome2013,
  Title                    = {Bacchus and Felines in Roman Iconography: Issues of Gender and Species},
  Author                   = {Patricia Meil\'{a}n J\'{a}come},
  Booktitle                = {Redefining Dionysos},
  Publisher                = {Berlin},
  Year                     = {2013},
  Editor                   = {Alberto Bernab\'{e} and Miguel Herrero de J\'{a}uregui and Ana Isabel Jim\'{e}nez {San Crist\'{o}bal} and Raquel Mart\'{\i}n Hern\'{a}ndez},
  Pages                    = {526-40},

  Owner                    = {Will},
  Timestamp                = {2015.09.14}
}

@Article{Jahn1869,
  Title                    = {Die Cista Mystica},
  Author                   = {Jahn, Otto},
  Journal                  = {Hermes},
  Year                     = {1869},
  Number                   = {3},
  Pages                    = {317-34},
  Volume                   = {3},

  Jstor_articletype        = {research-article},
  Jstor_formatteddate      = {1869}
}

@InCollection{Jauss1975,
  Title                    = {Literaturgeschichte als Provokation der Literaturwissenschaft},
  Author                   = {Hans Robert Jauss},
  Booktitle                = {Rezeptions\"{a}sthetik},
  Publisher                = {Munich},
  Year                     = {1979},
  Editor                   = {Rainer Warning},
  Pages                    = {126-62},

  Owner                    = {Will},
  Timestamp                = {2015.07.12}
}

@Book{Jennison1937,
  Title                    = {Animals for Show and Pleasure in Ancient Rome},
  Author                   = {Jennison, G.},
  Publisher                = {Manchester},
  Year                     = {1937},

  Owner                    = {Will 2},
  Timestamp                = {2012.03.27}
}

@PhdThesis{Johansen2008,
  Title                    = {Spectacle in the Forum: Visualizing the Roman Aristocratic Funeral of the Middle Republic},
  Author                   = {Christopher John Johansen},
  School                   = {University of California},
  Year                     = {2008},

  Owner                    = {Will 2},
  Timestamp                = {2012.08.18}
}

@Book{Johnston2007,
  Title                    = {Ancient Religions},
  Author                   = {Johnston, S.I.},
  Publisher                = {Cambridge, MA},
  Year                     = {2007}
}

@Book{Jongste1992,
  Title                    = {The Twelve Labours of Hercules on Roman Sarcophagi},
  Author                   = {F. B. Jongste},
  Publisher                = {Rome},
  Year                     = {1992},

  Owner                    = {Will},
  Timestamp                = {2013.09.16}
}

@Article{Kohler1995,
  Title                    = {Zur Triumphalsymbolik auf dem Feldherrnsarkophag Belvedere},
  Author                   = {Jens K\"{o}hler},
  Journal                  = {MDAI(R)},
  Year                     = {1995},
  Pages                    = {371-9},
  Volume                   = {102},

  Owner                    = {Will},
  Timestamp                = {2015.08.06}
}

@InCollection{Kampen1996,
  Title                    = {Omphale and the Instability of Gender},
  Author                   = {Kampen, Natalie Boymel},
  Booktitle                = {Sexuality in Ancient Art},
  Publisher                = {Cambridge},
  Year                     = {1996},
  Editor                   = {Nathalie Boymel Kampen},
  Pages                    = {233-46},

  Owner                    = {Will},
  Timestamp                = {2015.09.14}
}

@Article{Kampen1995,
  Title                    = {On Not Writing the History of Roman Art},
  Author                   = {Kampen, N. B.},
  Journal                  = {ABull},
  Year                     = {1995},
  Number                   = {3},
  Pages                    = {367-91},
  Volume                   = {77},

  Owner                    = {Will},
  Timestamp                = {2015.08.06}
}

@Article{Kampen1981,
  Title                    = {Biographical Narration and Roman Funerary Art},
  Author                   = {Kampen, Natalie Boymel},
  Journal                  = {AJA},
  Year                     = {1981},
  Number                   = {1},
  Pages                    = {47-58},
  Volume                   = {85}
}

@InCollection{Kellum2015,
  Title                    = {Imperial Messages},
  Author                   = {Barbara Kellum},
  Booktitle                = {The Oxford Handbook of Roman Sculpture},
  Publisher                = {Oxford},
  Year                     = {2015},
  Editor                   = {Elise A. Friedland and Melanie Grunow Sobocinski and Elaine K. Gazda},
  Pages                    = {423-35},

  Owner                    = {Will},
  Timestamp                = {2015.07.14}
}

@Article{Kemezis2010,
  Title                    = {Lucian, Fronto, and the Absence of Contemporary Historiography under the Antonines},
  Author                   = {Adam M. Kemezis},
  Journal                  = {AJPh},
  Year                     = {2010},
  Number                   = {2},
  Pages                    = {285-325},
  Volume                   = {131},

  Owner                    = {Will},
  Timestamp                = {2015.08.11}
}

@InCollection{Kemp1998,
  Title                    = {The Work of Art and its Beholder: The Methodology of the Aesthetic of Reception},
  Author                   = {Wolfgang Kemp},
  Booktitle                = {The Subjects of Art History: Historical Objects in Contemporary Perspectives},
  Publisher                = {Cambridge},
  Year                     = {1998},
  Editor                   = {Mark A. Cheetham and Michael Ann Holly and Keith Moxey},
  Pages                    = {180-96},

  Owner                    = {Will},
  Timestamp                = {2015.09.14}
}

@Book{Kerenyi1976,
  Title                    = {Dionysos: Archetypal Image of Indestructible Life},
  Author                   = {Carl Ker\'{e}nyi},
  Publisher                = {Princeton},
  Year                     = {1976},

  Owner                    = {Will},
  Timestamp                = {2011.12.01}
}

@Article{Keuls1970,
  Title                    = {The Ass in the Cult of Dionysus as a Symbol of Toil and Suffering},
  Author                   = {Eva C. Keuls},
  Journal                  = {Anthropological Journal of Canada},
  Year                     = {1970},
  Pages                    = {26-46},
  Volume                   = {8},

  Owner                    = {Will},
  Timestamp                = {2014.06.02}
}

@InCollection{Keuren2010,
  author    = {van Keuren, F. and Attanasio, D. and {{Herrman, J. J. Jr.}} and Herz, N. and Gromet, L. P.},
  title     = {Multimethod Analyses of Roman Sarcophagi at the Museo Nazionale Romano, Rome},
  booktitle = {Life, Death and Representation: Some New Work on Roman Sarcophagi},
  publisher = {Berlin},
  year      = {2010},
  editor    = {Elsner, J. and Huskinson, J.},
  pages     = {149-88},
  owner     = {Will},
  timestamp = {2011.11.28},
}

@Article{Keuren2003,
  author    = {van Keuren, Frances and Trillmich, Walter and Trillmich, Clara and Ghezzi, Aurelia and Anderson, Jr, James},
  title     = {Unpublished Documents Shed New Light on the Licinian Tomb, Discovered in 1884--1885, Rome},
  journal   = {MAAR},
  year      = {2003},
  volume    = {48},
  pages     = {53-139},
  timestamp = {2015.08.06},
}

@Book{King1885,
  Title                    = {Handbook of Engraved Gems},
  Author                   = {C. W. King},
  Publisher                = {London},
  Year                     = {1885},

  Owner                    = {Will},
  Timestamp                = {2013.09.17}
}

@Article{King1881,
  Title                    = {Omphale, in the Spoils of Hercules},
  Author                   = {C. W. King},
  Journal                  = {Proceedings of the Cambridge Antiquarian Society},
  Year                     = {1881},
  Pages                    = {233-5},
  Volume                   = {2},

  Owner                    = {Will},
  Timestamp                = {2013.09.17}
}

@Book{Kirk1974,
  Title                    = {The Nature of Greek Myths},
  Author                   = {G. S. Kirk},
  Publisher                = {Harmondsworth},
  Year                     = {1974},

  Owner                    = {Will},
  Timestamp                = {2011.11.14}
}

@Book{Kleiner1983,
  Title                    = {The Monument of Philopappos in Athens},
  Author                   = {Kleiner, Diana E. E.},
  Publisher                = {Rome},
  Year                     = {1983},

  Owner                    = {Will},
  Timestamp                = {2015.02.03}
}

@Book{Kleiner2010,
  Title                    = {A History of Roman Art},
  Author                   = {Kleiner, F.S.},
  Publisher                = {Boston, MA},
  Year                     = {2010}
}

@Article{Kleiner1990,
  Title                    = {Galba, Imperator Augustus P(opuli) R(omani)},
  Author                   = {Fred S. Kleiner},
  Journal                  = {RN},
  Year                     = {1990},
  Pages                    = {72-84},
  Volume                   = {6},

  Owner                    = {Will},
  Timestamp                = {2014.02.13}
}

@Book{Koch1975,
  Title                    = {Die mythologischen Sarkophage: Teil 6, Meleager},
  Author                   = {Koch, Guntram},
  Publisher                = {Berlin},
  Year                     = {1975},
  Series                   = {Die Antiken Sarkophagreliefs},
  Volume                   = {XII},

  Owner                    = {Will},
  Timestamp                = {2015.01.09}
}

@Book{Koch1982,
  Title                    = {R\"{o}mische Sarkophage},
  Author                   = {Koch, G. and Sichtermann, H.},
  Publisher                = {Munich},
  Year                     = {1982},

  Owner                    = {Will},
  Timestamp                = {2011.11.15}
}

@Book{Kondoleon1994,
  Title                    = {Domestic and Divine: Roman Mosaics in the House of Dionysos},
  Author                   = {Kondoleon, C.},
  Publisher                = {Ithaca, NY},
  Year                     = {1994}
}

@Book{Konikoff1986,
  Title                    = {Sarcophagi from the Jewish Catacombs of Ancient Rome: a Catalogue Raisonn{\'e}},
  Author                   = {Konikoff, A.},
  Publisher                = {Stuttgart},
  Year                     = {1986}
}

@InCollection{Koortbojian2010,
  Title                    = {Crossing the \emph{pomerium}: The Armed Ruler at Rome},
  Author                   = {Michael Koortbojian},
  Booktitle                = {The Emperor and Rome: Space, Representation, and Ritual},
  Publisher                = {Cambridge},
  Year                     = {2010},
  Editor                   = {Ewald, B. C. and Nore\~{n}a, C. F.},
  Pages                    = {247-74},

  Owner                    = {Will},
  Timestamp                = {2015.06.18}
}

@InCollection{Koortbojian2002,
  Title                    = {Forms of Attention: Four Notes on Replication and Variation},
  Author                   = {Michael Koortbojian},
  Booktitle                = {The Ancient Art of Emulation: Studies in Artistic Originality and Tradition from the Present to Classical Antiquity},
  Publisher                = {Michigan},
  Year                     = {2002},
  Editor                   = {Elaine K. Gazda},
  Pages                    = {173-204},

  Owner                    = {Will},
  Timestamp                = {2015.06.20}
}

@Article{Koortbojian2012,
  Title                    = {Recent Sarcophagus Studies},
  Author                   = {Michael Koortbojian},
  Journal                  = {JRA},
  Year                     = {2012},
  Number                   = {2},
  Pages                    = {631-6},
  Volume                   = {25},

  Owner                    = {Will},
  Timestamp                = {2015.08.06}
}

@Article{Koortbojian2005,
  Title                    = {Mimesis or Phantasia? Two Representational Modes in Roman Commemorative Art},
  Author                   = {Koortbojian, Michael},
  Journal                  = {ClAnt},
  Year                     = {2005},
  Number                   = {2},
  Pages                    = {285-306},
  Volume                   = {24}
}

@Book{Koortbojian1994,
  Title                    = {Myth, Meaning and Memory on Roman Sarcophagi},
  Author                   = {Michael Koortbojian},
  Publisher                = {Berkeley, CA},
  Year                     = {1994},

  Owner                    = {Will},
  Timestamp                = {2014.06.25}
}

@Book{Korre1970,
  Title                    = {The Ram's Head as an Emblem of Valour},
  Author                   = {G. Korre},
  Publisher                = {Athens},
  Year                     = {1970},

  Owner                    = {Will},
  Timestamp                = {2014.05.26}
}

@InCollection{Kousser2006,
  Title                    = {Conquest and Desire: Roman \emph{Victoria} in Public and Provincial Sculpture},
  Author                   = {Rachel Kousser},
  Booktitle                = {Representations of War in Ancient Rome},
  Publisher                = {Cambridge},
  Year                     = {2006},
  Editor                   = {Dillon, S. and Welch, K. E.},
  Pages                    = {218-43},

  Owner                    = {Will},
  Timestamp                = {2015.07.24}
}

@Article{Kraemer1989,
  Title                    = {On the Meaning of the Term ``Jew'' in Greco-Roman Inscriptions},
  Author                   = {Kraemer, Ross S.},
  Journal                  = {HThR},
  Year                     = {1989},
  Number                   = {1},
  Pages                    = {35-53},
  Volume                   = {82},

  Timestamp                = {2015.08.06}
}

@Book{Kragelund2004,
  Title                    = {The Licinian Tomb: Fact Or Fiction?},
  Author                   = {Patrick Kragelund and Mette Moltesen and Jan Stubbe {\O}stergaard},
  Publisher                = {Copenhagen},
  Year                     = {2004},

  __markedentry            = {[Will:6]},
  ISBN                     = {8774522663},
  Owner                    = {Will},
  Timestamp                = {2013.10.21}
}

@Book{Kranz1984,
  Title                    = {Jahreszeiten-Sarkophage: Entwicklung und Ikonographie des Motivs der vier Jahreszeiten auf kaiserzeitlichen Sarkophagen und Sarkophagdeckeln, Teil 4},
  Author                   = {Kranz, P.},
  Publisher                = {Berlin},
  Year                     = {1984},
  Series                   = {Die Antiken Sarkophagreliefs},
  Volume                   = {V},

  Owner                    = {Will},
  Timestamp                = {2015.01.09}
}

@Article{Kropp2013,
  Title                    = {Crowning the Emperor: an Unorthodox Image of Claudius, Agrippa I and Herod of Chalkis},
  Author                   = {Andreas J. M. Kropp},
  Journal                  = {Syria},
  Year                     = {2013},
  Pages                    = {377-89},
  Volume                   = {90},

  Owner                    = {Will},
  Timestamp                = {2014.01.22}
}

@Book{Kropp2013a,
  Title                    = {Images and Monuments of Near Eastern Dynasts, 100 BC -- AD 100},
  Author                   = {Andreas J. M. Kropp},
  Publisher                = {Oxford},
  Year                     = {2013},

  Owner                    = {Will},
  Timestamp                = {2015.06.10}
}

@Book{Kuttner1995,
  Title                    = {Dynasty and Empire in the Age of Augustus: The Case of the Boscoreale Cups},
  Author                   = {Kuttner, Ann L.},
  Publisher                = {Berkeley, CA},
  Year                     = {1995},

  Owner                    = {Will},
  Timestamp                = {2014.02.06}
}

@Book{LOrange1947,
  Title                    = {Apotheosis in Ancient Portraiture},
  Author                   = {H. P. L'Orange},
  Publisher                = {Norway},
  Year                     = {1947},

  Owner                    = {Will},
  Timestamp                = {2015.02.09}
}

@Article{Monteagudo1999,
  Title                    = {The Triumph of Dionysus in Two Mosaics in Spain},
  Author                   = {L\'{o}pez Monteagudo, G.},
  Journal                  = {Assaph},
  Year                     = {1999},
  Pages                    = {35-60},
  Volume                   = {4},

  Owner                    = {Will},
  Timestamp                = {2015.08.06}
}

@Book{Lada1999,
  Title                    = {Initiating Dionysus: Ritual and Theatre in Aristophanes' Frogs},
  Author                   = {Lada-Richards, I.},
  Publisher                = {Oxford},
  Year                     = {1999}
}

@Book{Lanciani1893,
  Title                    = {Forma Urbis Romae},
  Author                   = {Rudolph Lanciani},
  Publisher                = {Milan},
  Year                     = {1893},

  Owner                    = {Will},
  Timestamp                = {2014.08.31}
}

@Book{Lanciani1892,
  Title                    = {Pagan and Christian Rome},
  Author                   = {R. Lanciani},
  Publisher                = {London},
  Year                     = {1892},

  Owner                    = {Will},
  Timestamp                = {2014.08.30}
}

@Book{Lane1989,
  Title                    = {Corpus Cultus Iovis Sabazii, vol. 3: Conclusions},
  Author                   = {Eugene N. Lane},
  Publisher                = {New York},
  Year                     = {1989},

  Owner                    = {Will},
  Timestamp                = {2014.05.28}
}

@Article{Lane1980,
  Title                    = {Towards a Definition of the Iconography of Sabazius},
  Author                   = {Lane, Eugene N.},
  Journal                  = {Numen},
  Year                     = {1980},
  Number                   = {1},
  Pages                    = {9-33},
  Volume                   = {27}
}

@Article{Lane1979,
  Title                    = {Sabazius and the Jews in Valerius Maximus: A Re-Examination},
  Author                   = {Lane, Eugene N.},
  Journal                  = {JRS},
  Year                     = {1979},
  Pages                    = {35-8},
  Volume                   = {69}
}

@Book{Lattimore1962,
  Title                    = {Themes in Greek and Latin Epigraphs},
  Author                   = {Richard Lattimore},
  Publisher                = {Urbana, IL},
  Year                     = {1962},

  Owner                    = {Will},
  Timestamp                = {2015.01.27}
}

@Article{Lawrence1958,
  Title                    = {Season Sarcophagi of the Architectural Type},
  Author                   = {Marion Lawrence},
  Journal                  = {AJA},
  Year                     = {1958},
  Number                   = {3},
  Pages                    = {273-95},
  Volume                   = {62}
}

@Article{Lehmann1962,
  Title                    = {Ignorance and Search in the Villa of the Mysteries},
  Author                   = {Lehmann, Karl},
  Journal                  = {JRS},
  Year                     = {1962},
  Pages                    = {62-8},
  Volume                   = {52},

  Jstor_formatteddate      = {1962}
}

@Book{Lehmann1942,
  Title                    = {Dionysiac Sarcophagi in Baltimore},
  Author                   = {Karl Lehmann-Hartleben and Erling C. Olsen},
  Publisher                = {Baltimore.},
  Year                     = {1942},

  Owner                    = {Will},
  Timestamp                = {2013.10.23}
}

@Article{Lenzen1960,
  Title                    = {The Triumph of Dionysos on Textiles of Late Antique Egypt},
  Author                   = {Victor F. Lenzen},
  Journal                  = {University of California Publications in Classical Archaeology},
  Year                     = {1960},
  Pages                    = {1-38},
  Volume                   = {5},

  Owner                    = {abxwl},
  Timestamp                = {2012.12.05}
}

@Article{Leon1949,
  Title                    = {Symbolic Representations in the Jewish Catacombs of Rome},
  Author                   = {Leon, Harry J.},
  Journal                  = {JAOS},
  Year                     = {1949},
  Number                   = {2},
  Pages                    = {87-90},
  Volume                   = {69}
}

@Article{Levaniouk2007,
  Title                    = {The Toys of Dionysos},
  Author                   = {Levaniouk, Olga},
  Journal                  = {HSPh},
  Year                     = {2007},
  Pages                    = {165-202},
  Volume                   = {103},

  Copyright                = {Copyright Â© 2007 Department of the Classics, Harvard University},
  ISSN                     = {00730688},
  Jstor_articletype        = {research-article},
  Jstor_formatteddate      = {2007},
  Language                 = {English}
}

@InCollection{Lindsay1998,
  Title                    = {Eating with the Dead: the Roman Funerary Banquet},
  Author                   = {Hugh Lindsay},
  Booktitle                = {Meals in a Social Context},
  Publisher                = {Aarhus},
  Year                     = {1998},
  Editor                   = {Nielsen, Inge and Nielsen, Hanne Sigismund},
  Pages                    = {67-80},

  Owner                    = {Will},
  Timestamp                = {2014.08.14}
}

@Book{Liverani1989,
  Title                    = {Museo Chiaramonti},
  Author                   = {Paolo Liverani},
  Publisher                = {Rome},
  Year                     = {1989},

  Owner                    = {Will},
  Timestamp                = {2015.08.12}
}

@Article{Liversidge1959,
  Title                    = {Review of ``Das R\"{o}mergrab in Weiden bei K\"{o}ln'' by Fremersdorf, F.},
  Author                   = {Liversidge, Joan},
  Journal                  = {AJA},
  Year                     = {1959},
  Number                   = {4},
  Pages                    = {407-9},
  Volume                   = {63},

  Publisher                = {Archaeological Institute of America},
  Timestamp                = {2015.08.06}
}

@Book{Long1987,
  Title                    = {The Twelve Gods of Greece and Rome},
  Author                   = {Charlote R. Long},
  Publisher                = {Leiden},
  Year                     = {1987},

  Owner                    = {Will},
  Timestamp                = {2015.07.26}
}

@InCollection{Longfellow2000,
  Title                    = {A Gendered Space? Location and Function of Room 5 in the Villa of the Mysteries},
  Author                   = {Brenda Longfellow},
  Booktitle                = {The Villa of the Mysteries in Pompeii: Ancient Ritual, Modern Muse},
  Publisher                = {Michigan},
  Year                     = {2000},
  Editor                   = {Gazda, E. K. },
  Pages                    = {25-37},

  Owner                    = {Will},
  Timestamp                = {2011.11.28}
}

@InCollection{Lorenz2010,
  Title                    = {Image in Distress? The Death of Meleager on Roman Sarcophagi},
  Author                   = {Lorenz, K.},
  Booktitle                = {Life, Death and Representation: Some New Work on Roman Sarcophagi},
  Publisher                = {Berlin},
  Year                     = {2010},
  Editor                   = {Elsner, J. and Huskinson, J.},
  Pages                    = {309-36},

  Owner                    = {Will},
  Timestamp                = {2011.11.28}
}

@InCollection{Lorenz2014,
  Title                    = {The Casa del Menandro in Pompeii: Rhetoric and the Topology of Roman Wall Painting},
  Author                   = {Katharina Lorenz},
  Booktitle                = {Art and Rhetoric in Roman Culture},
  Publisher                = {Cambridge},
  Year                     = {2014},
  Editor                   = {Elsner, J. and Meyer, M.},
  Pages                    = {183-210},

  Owner                    = {Will},
  Timestamp                = {2015.08.26}
}

@Book{Lorenz2008,
  Title                    = {Bilder machen R\"{a}ume},
  Author                   = {Katharina Lorenz},
  Publisher                = {Berlin},
  Year                     = {2008},

  Owner                    = {abxwl},
  Timestamp                = {2012.10.31}
}

@Article{Lorenz2007,
  Title                    = {The Ear of the Beholder: Spectator Figures and Narrative Structure in Pompeian Painting},
  Author                   = {Katharina Lorenz},
  Journal                  = {Art History},
  Year                     = {2007},
  Pages                    = {665-82},
  Volume                   = {30},

  Owner                    = {abxwl},
  Timestamp                = {2012.11.01}
}

@Book{Lovatt2013,
  Title                    = {The Epic Gaze},
  Author                   = {Helen Lovatt},
  Publisher                = {Cambridge},
  Year                     = {2013},

  Owner                    = {Will},
  Timestamp                = {2015.04.25}
}

@InCollection{Lusnia2006,
  Title                    = {Battle Imagery and Politics on the Severan Arch in the Roman Forum},
  Author                   = {Susann Lusnia},
  Booktitle                = {Representations of War in Ancient Rome},
  Publisher                = {Cambridge},
  Year                     = {2006},
  Editor                   = {Dillon, S. and Welch, K. E.},
  Pages                    = {272-99},

  Owner                    = {Will},
  Timestamp                = {2015.07.24}
}

@Book{Muller1994,
  Title                    = {The So-Called Peleus and Thetis Sarcophagus in the Villa Albani},
  Author                   = {Frank G. J. M. M\"{u}ller},
  Publisher                = {Amsterdam},
  Year                     = {1994},

  Owner                    = {Will},
  Timestamp                = {2014.11.21}
}

@Article{Gottfried2006,
  Title                    = {Triumphal Elephants and Political Circus at Plutarch \emph{Pomp}.\ 14.6},
  Author                   = {Mader, Gottfried},
  Journal                  = {CW},
  Year                     = {2006},
  Number                   = {4},
  Pages                    = {397-403},
  Volume                   = {99},

  Timestamp                = {2015.01.22}
}

@Book{Madigan2012,
  Title                    = {The Ceremonial Sculptures of the Roman Gods},
  Author                   = {Brian Madigan},
  Publisher                = {Leiden},
  Year                     = {2012},

  Owner                    = {Will},
  Timestamp                = {2014.07.18}
}

@Book{Manders2012,
  Title                    = {Coining Images of Power: Patterns in the Representation of Roman Emperors on Imperial Coinage, A.D.\ 193--284},
  Author                   = {Erika Manders},
  Publisher                = {Leiden},
  Year                     = {2012},

  Owner                    = {Will},
  Timestamp                = {2015.02.16}
}

@Book{Mate1951,
  Title                    = {Khudazhestvennyie tkani koptskovo Egipta (Artistic Fabrics of Coptic Egypt, Iskusstvo series)},
  Author                   = {M. Mate and K. Lyapunova},
  Publisher                = {Moscow},
  Year                     = {1951},

  Journal                  = {Iskusstvo},
  Owner                    = {Will},
  Pages                    = {1-252},
  Timestamp                = {2013.10.23}
}

@Book{Mattingley1975,
  Title                    = {Coins of the Roman Empire in the British Museum, vol.V: Pertinax to Elagabalus},
  Author                   = {Mattingly, Harold},
  Publisher                = {London},
  Year                     = {1975},

  Owner                    = {Will},
  Timestamp                = {2012.07.19}
}

@Book{RIC2,
  Title                    = {The Roman Imperial Coinage, vol. 2: Vespasian to Hadrian},
  Author                   = {Mattingly, Harold and Sydenham, Edward A},
  Publisher                = {London},
  Year                     = {1986},

  Owner                    = {Will},
  Timestamp                = {2014.02.05}
}

@Book{RIC3,
  Title                    = {The Roman Imperial Coinage, vol. 3: Antoninus Pius to Commodus},
  Author                   = {Mattingly, Harold and Sydenham, Edward A.},
  Publisher                = {London},
  Year                     = {1930},

  Owner                    = {Will},
  Timestamp                = {2012.07.19}
}

@Book{RIC4,
  title     = {The Roman Imperial Coinage, vol.\ 4: Pertinax - Uranius Antonius},
  publisher = {London},
  year      = {1949},
  author    = {Mattingly, Harold and Sutherland, C H V and Carson, R A G},
  owner     = {Will},
  timestamp = {2012.07.19},
}

@Book{RIC5,
  title     = {The Roman Imperial Coinage, vol. 5. including part 1: Valerian I to Florian and part 2: Probus to Diocletian},
  publisher = {London},
  year      = {1933},
  author    = {Mattingly, Harold and Webb, Percy H and Sydenham, Edward A},
  owner     = {Will},
  timestamp = {2012.08.16},
}

@InCollection{Matz1955,
  Title                    = {Belli Facies et Triumphus},
  Author                   = {Friedrich Matz},
  Booktitle                = {Festschrift Carl Weickert},
  Publisher                = {Berlin},
  Year                     = {1955},
  Editor                   = {Bruns, G.},
  Pages                    = {41-58},

  Owner                    = {abxwl},
  Timestamp                = {2015.09.14}
}

@Book{Matz4,
  Title                    = {Die Dionysischen Sarkophage: Die Denkm\"{a}ler 246-385. Teil 4},
  Author                   = {Matz, F.},
  Publisher                = {Berlin},
  Year                     = {1975},
  Series                   = {Die antiken Sarkophagreliefs},
  Volume                   = {IV},

  Owner                    = {abxwl},
  Timestamp                = {2012.03.14}
}

@Book{Matz3,
  Title                    = {Die Dionysischen Sarkophage: Die Denkm\"{a}ler 162-245. Teil 3},
  Author                   = {Matz, F.},
  Publisher                = {Berlin},
  Year                     = {1969},
  Series                   = {Die antiken Sarkophagreliefs},
  Volume                   = {IV},

  Owner                    = {abxwl},
  Timestamp                = {2012.03.14}
}

@Book{Matz1,
  Title                    = {Die Dionysischen Sarkophage: Die Denkm\"{a}ler 1-71B. Teil 1},
  Author                   = {Matz, F.},
  Publisher                = {Berlin},
  Year                     = {1968},
  Series                   = {Die antiken Sarkophagreliefs},
  Volume                   = {IV},

  Owner                    = {abxwl},
  Timestamp                = {2012.02.14}
}

@Book{Matz2,
  Title                    = {Die Dionysischen Sarkophage: Die Denkm\"{a}ler 72-161. Teil 2},
  Author                   = {Matz, F.},
  Publisher                = {Berlin},
  Year                     = {1968},
  Series                   = {Die antiken Sarkophagreliefs},
  Volume                   = {IV},

  Owner                    = {abxwl},
  Timestamp                = {2012.03.14}
}

@Book{Matz1964,
  Title                    = {Dionysiak\={e} telet\={e}: arch\"{a}ologische Untersuchungen zum Dionysoskult in hellenistischer und r\"{o}mischer Zeit},
  Author                   = {Friedrich Matz},
  Publisher                = {Mainz},
  Year                     = {1964},
  Series                   = {Akademie der Wissenschaften und der Literatur},

  Owner                    = {Will},
  Timestamp                = {2014.05.03}
}

@Book{Maxfield1981,
  Title                    = {The Military Decorations of the Roman Army},
  Author                   = {Valerie A Maxfield},
  Publisher                = {Berkeley, CA},
  Year                     = {1981},

  Owner                    = {abxwl},
  Timestamp                = {2013.12.31}
}

@Book{Mayer2012,
  Title                    = {The Ancient Middle Classes: Urban Life and Aesthetic in the Roman Empire 100 BCE -- 250 CE},
  Author                   = {Emanuel Mayer},
  Publisher                = {Harvard},
  Year                     = {2012},

  Owner                    = {Will},
  Timestamp                = {2014.09.20}
}

@Book{McCann1978,
  Title                    = {Roman Sarcophagi in the Metropolitan Museum of Art},
  Author                   = {Anna Marguerite McCann},
  Publisher                = {New York, NY},
  Year                     = {1978},

  Owner                    = {Will},
  Timestamp                = {2014.01.02}
}

@Article{McCann1977,
  Title                    = {Two Fragments of Sarcophagi in the Metropolitan Museum of Art Illustrating the Indian Triumph of Dionsyus},
  Author                   = {McCann, Anna Marguerite},
  Journal                  = {JWAG},
  Year                     = {1977},
  Pages                    = {123-36},
  Volume                   = {36},

  Publisher                = {The Walters Art Museum}
}

@Book{McCormick1986,
  Title                    = {Eternal Victory: Triumphal Rulership in Late Antiquity, Byzantium and the Early Medieval West},
  Author                   = {Michael McCormick},
  Publisher                = {Cambridge},
  Year                     = {1986},

  Owner                    = {abxwl},
  Timestamp                = {2013.12.31}
}

@Book{Meinecke2014,
  Title                    = {Sarcophagum posuit: r\"{o}mische Steinsarkophage im Kontext},
  Author                   = {Katharina Meinecke},
  Publisher                = {Mainz},
  Year                     = {2014},

  Owner                    = {Will},
  Timestamp                = {2015.08.25}
}

@Article{Merola2009,
  Title                    = {Family Secrets},
  Author                   = {Merola, Marco},
  Journal                  = {Archaeology},
  Year                     = {2009},
  Number                   = {1},
  Pages                    = {50-2},
  Volume                   = {62},

  Owner                    = {Will},
  Timestamp                = {2015.06.29}
}

@Article{Meyer1980,
  Title                    = {Die Frieszyklen am sogenannten Triumphbogen des Galerius in Thessaloniki},
  Author                   = {Meyer, H.},
  Journal                  = {JDAI},
  Year                     = {1980},
  Pages                    = {374-444},
  Volume                   = {95},

  Owner                    = {Will},
  Timestamp                = {2015.03.03}
}

@Book{Mitchell2006,
  Title                    = {Cambridge History of Christianity: Volume 1, Origins to Constantine},
  Author                   = {Mitchell, M.M. and Young, F.M.},
  Publisher                = {Cambridge},
  Year                     = {2006},
  Series                   = {Cambridge History of Christianity}
}

@Article{Mittag2009,
  Title                    = {Processus Consularis, Adventus und Herrschaftsjubil\"{a}um. Zur Verwendung von Triumphsymbolik in der mittleren Kaiserzeit},
  Author                   = {Mittag, Peter Franz},
  Journal                  = {Hermes},
  Year                     = {2009},
  Number                   = {4},
  Pages                    = {447-62},
  Volume                   = {137},

  Owner                    = {Will},
  Timestamp                = {2015.02.03}
}

@Book{Mommsen1876,
  Title                    = {R\"{o}misches Staatsrecht},
  Author                   = {Theodor Mommsen},
  Publisher                = {Leipzig},
  Year                     = {1876},

  Owner                    = {abxwl},
  Timestamp                = {2013.12.31}
}

@Book{Morris1969,
  Title                    = {The Human Zoo},
  Author                   = {Morris, D.},
  Publisher                = {London},
  Year                     = {1969},

  Owner                    = {Will 2},
  Timestamp                = {2012.08.18}
}

@Book{Morris1992,
  Title                    = {Death Ritual and Social Structure in Classical Antiquity},
  Author                   = {Morris, Ian},
  Publisher                = {Cambridge},
  Year                     = {1992},

  Owner                    = {Will},
  Timestamp                = {2014.09.20}
}

@Article{Mucznik1999,
  Title                    = {Roman Priestesses: the Case of Metilia Acte},
  Author                   = {Sonia Mucznik},
  Journal                  = {Assaph},
  Year                     = {1999},
  Pages                    = {61-78},
  Volume                   = {4},

  Owner                    = {Will},
  Timestamp                = {2015.01.27}
}

@Article{Cooke1913,
  Title                    = {The Paintings of the Villa Item at Pompeii},
  Author                   = {P. B. Mudie-Cooke},
  Journal                  = {JRS},
  Year                     = {1913},
  Pages                    = {157-74},
  Volume                   = {3}
}

@Article{Muth2004,
  Title                    = {Drei statt vier: zur Deutung der Feldherrnsarkophage},
  Author                   = {Susanne Muth},
  Journal                  = {AA},
  Year                     = {2004},
  Pages                    = {263-74},
  Volume                   = {1},

  Owner                    = {Will},
  Timestamp                = {2015.08.06}
}

@Article{Neils1984,
  Title                    = {The Orestes Sarcophagus and Other Classical Marbles},
  Author                   = {Neils, Jenifer},
  Journal                  = {The Bulletin of the Cleveland Museum of Art},
  Year                     = {1984},
  Number                   = {4},
  Pages                    = {102-13},
  Volume                   = {71},

  Timestamp                = {2015.09.14}
}

@Article{Neverov1979,
  Title                    = {Gems in the Collection of Rubens},
  Author                   = {Neverov, Oleg},
  Journal                  = {The Burlington Magazine},
  Year                     = {1979},
  Number                   = {916},
  Pages                    = {424, 426-432},
  Volume                   = {121}
}

@Article{Newbold2000,
  Title                    = {Breasts and Milk in Nonnus' Dionysiaca},
  Author                   = {Newbold, R. F.},
  Journal                  = {CW},
  Year                     = {2000},
  Number                   = {1},
  Pages                    = {11-23},
  Volume                   = {94},

  Timestamp                = {2015.01.22}
}

@InCollection{Newby2011,
  Title                    = {Myth and Death: Roman Mythological Sarcophagi},
  Author                   = {Zahra Newby},
  Booktitle                = {A Companion to Greek Mythology},
  Publisher                = {Oxford},
  Year                     = {2011},
  Editor                   = {Ken Dowden and Niall Livingstone},
  Pages                    = {301-318},

  Owner                    = {Will},
  Timestamp                = {2015.05.29}
}

@InCollection{Newby2010,
  Title                    = {In the Guise of Gods and Heroes: Portrait Heads on Roman Mythological Sarcophagi},
  Author                   = {Newby, Z.},
  Booktitle                = {Life, Death and Representation: Some New Work on Roman Sarcophagi},
  Publisher                = {Berlin},
  Year                     = {2010},
  Editor                   = {Elsner, J. and Huskinson, J.},
  Pages                    = {189-228},

  Owner                    = {Will},
  Timestamp                = {2011.11.28}
}

@InCollection{Newby2014,
  Title                    = {Poems in Stone: Reading Mythological Sarcophagi through Statius' Consolations},
  Author                   = {Newby, Z.},
  Booktitle                = {Art and Rhetoric in Roman Culture},
  Publisher                = {Cambridge},
  Year                     = {2014},
  Editor                   = {Elsner, J. and Meyer, M.},
  Pages                    = {256-87},

  Owner                    = {Will},
  Timestamp                = {2015.01.15}
}

@InCollection{Newby2007,
  Title                    = {Art at the Crossroads? Themes and Styles in Severan Art},
  Author                   = {Zara Newby},
  Booktitle                = {Severan Culture},
  Publisher                = {Cambridge},
  Year                     = {2007},
  Editor                   = {Simon Swain and Stephen Harrison and Ja\'{s} Elsner},
  Pages                    = {201-49},

  Owner                    = {Will},
  Timestamp                = {2015.07.08}
}

@Book{Nietzsche1887,
  Title                    = {Die fr\"{o}liche Wissenschaft},
  Author                   = {Friedrich Nietzsche},
  Publisher                = {Berlin},
  Year                     = {1887},

  Owner                    = {Will},
  Timestamp                = {2013.04.28}
}

@Book{Nietzsche1886,
  Title                    = {Die Geburt der Trag\"{o}die, oder: Griechenthum und Pessimismus},
  Author                   = {Friedrich Nietzsche},
  Publisher                = {Leipzig},
  Year                     = {1886},

  Owner                    = {Will},
  Timestamp                = {2014.10.16}
}

@Book{Nilsson1957,
  Title                    = {The Dionysiac Mysteries of the Hellenistic and Roman Age},
  Author                   = {Nilsson, M. P.},
  Publisher                = {Lund},
  Year                     = {1957}
}

@Article{Nilsson1953,
  Title                    = {The Bacchic Mysteries of the Roman Age},
  Author                   = {Nilsson, Martin P.},
  Journal                  = {HThR},
  Year                     = {1953},
  Number                   = {4},
  Pages                    = {175-202},
  Volume                   = {46}
}

@Article{Nock1932,
  Title                    = {Cremation and Burial in the Roman Empire},
  Author                   = {Arthur Darby Nock},
  Journal                  = {HThR},
  Year                     = {1932},
  Number                   = {4},
  Pages                    = {321-59},
  Volume                   = {25}
}

@Article{Nock1928,
  Title                    = {Notes on Ruler-Cult, I-IV},
  Author                   = {Nock, A. D.},
  Journal                  = {JHS},
  Year                     = {1928},
  Pages                    = {21-43},
  Volume                   = {48},

  Timestamp                = {2015.08.06}
}

@Article{Nock1946,
  Title                    = {Sarcophagi and Symbolism},
  Author                   = {Arthur Darby Nock and Beazley, J. D.},
  Journal                  = {AJA},
  Year                     = {1946},
  Number                   = {1},
  Pages                    = {140-70},
  Volume                   = {50}
}

@InCollection{Nodelman1993,
  Title                    = {How to Read a Roman Portrait},
  Author                   = {Sheldon Nodelman},
  Booktitle                = {Roman Art in Context: an Anthology},
  Publisher                = {New Jersey},
  Year                     = {1993},
  Editor                   = {D'Ambra, E.},
  Pages                    = {10-26},

  Owner                    = {Will},
  Timestamp                = {2011.11.28}
}

@Book{Norena2011,
  Title                    = {Imperial Ideals in the Roman West: Representation, Circulation, Power},
  Author                   = {Nore\~{n}a, Carlos F.},
  Publisher                = {Cambridge},
  Year                     = {2011},

  Owner                    = {Will},
  Timestamp                = {2012.08.08}
}

@Article{North1980,
  Title                    = {Novelty and Choice in Roman Religion},
  Author                   = {North, J. A.},
  Journal                  = {JRS},
  Year                     = {1980},
  Pages                    = {186-91},
  Volume                   = {70},

  Copyright                = {Copyright © 1980 Society for the Promotion of Roman Studies},
  Jstor_articletype        = {book-review},
  Jstor_formatteddate      = {1980},
  Publisher                = {Society for the Promotion of Roman Studies}
}

@InCollection{Noy2011,
  Title                    = {{}``Goodbye Livia'': Dying in the Roman House},
  Author                   = {David Noy},
  Booktitle                = {Memory and Mourning: Studies on Roman Death},
  Publisher                = {Oxford},
  Year                     = {2011},
  Editor                   = {Hope, V. M. and Huskinson, J.},
  Pages                    = {1-20},

  Owner                    = {Will},
  Timestamp                = {2015.08.06}
}

@Book{Noy2005,
  Title                    = {Jewish Inscriptions of Western Europe, Volume 2},
  Author                   = {Noy, D.},
  Publisher                = {Cambridge},
  Year                     = {2005},

  Owner                    = {Will},
  Timestamp                = {2011.11.15}
}

@Book{Ogden2013,
  Title                    = {Drakon: Dragon Myth and Serpent Cult in the Greek and Roman Worlds},
  Author                   = {Daniel Ogden},
  Publisher                = {Oxford},
  Year                     = {2013},

  Owner                    = {Will},
  Timestamp                = {2014.05.28}
}

@Book{Osbourne1998,
  Title                    = {Archaic and Classical Greek Art},
  Author                   = {Osbourne, R.},
  Publisher                = {Oxford},
  Year                     = {1998}
}

@Book{Otto1965,
  Title                    = {Dionysus: Myth and Cult},
  Author                   = {Otto, W. F.},
  Publisher                = {Indianapolis},
  Year                     = {1965},
  Note                     = {trans. Palmer, R. B.},

  Owner                    = {abxwl},
  Timestamp                = {2012.03.05}
}

@Article{Palagia1990,
  Title                    = {Two Statues of Hercules in the Forum Boarium in Rome},
  Author                   = {Olga Palagia},
  Journal                  = {OJA},
  Year                     = {1990},
  Number                   = {1},
  Pages                    = {51-70},
  Volume                   = {9},

  Owner                    = {Will},
  Timestamp                = {2015.08.06}
}

@Article{Palagia1986,
  Title                    = {Imitation of Herakles in Ruler Portraiture},
  Author                   = {Olga Palagia},
  Journal                  = {Boreas},
  Year                     = {1986},
  Pages                    = {137-50},
  Volume                   = {9},

  Owner                    = {Will},
  Timestamp                = {2015.08.06}
}

@Book{Panofsky1994,
  Title                    = {Tomb Sculpture: Four Lectures on its Changing Aspects from Ancient Egypt to Bernini},
  Author                   = {Panofsky, Erwin},
  Editor                   = {Janson, H. W.},
  Publisher                = {London},
  Year                     = {1992},

  Owner                    = {Will},
  Timestamp                = {2014.08.03}
}

@Book{Panofsky1997,
  Title                    = {Perspective as Symbolic Form},
  Author                   = {Erwin Panofsky},
  Publisher                = {New York, trans. Wood, C. S.},
  Year                     = {1997},
  Note                     = {trans.\ Christopher S.\ Wood},

  Owner                    = {Will},
  Timestamp                = {2014.08.05}
}

@Book{Parker2008,
  Title                    = {The Making of Roman India},
  Author                   = {Grant Parker},
  Publisher                = {Cambridge},
  Year                     = {2008},

  Owner                    = {Will},
  Timestamp                = {2015.06.13}
}

@Book{Parlasca1970,
  Title                    = {Die r\"{o}mischen Mosaiken in Deutschland},
  Author                   = {Klaus Parlasca},
  Publisher                = {Berlin},
  Year                     = {1970},

  Owner                    = {Will},
  Timestamp                = {2012.11.09}
}

@Book{Pashley1837,
  Title                    = {Travels in Crete},
  Author                   = {Pashley, R},
  Publisher                = {Cambridge},
  Year                     = {1837},
  Volume                   = {2},

  Owner                    = {Will},
  Timestamp                = {2014.05.05}
}

@InCollection{Paton1999,
  Title                    = {Imperial Splendour in the Province: Imported Marble on Roman Crete},
  Author                   = {Paton, Sara and Schneider, Rolf M.},
  Booktitle                = {From Minoan Farmers to Roman Traders: Sidelights on the Economy of Ancient Crete},
  Publisher                = {Stuttgart},
  Year                     = {1999},
  Editor                   = {Angelos Chaniotis},
  Pages                    = {279-304},

  Owner                    = {Will},
  Timestamp                = {2015.09.14}
}

@Book{Payne1962,
  Title                    = {The Roman Triumph},
  Author                   = {Robert Payne},
  Publisher                = {London},
  Year                     = {1962},

  Owner                    = {Will},
  Timestamp                = {2015.03.03}
}

@Book{Penella2007,
  Title                    = {Man and the Word: The Orations of Himerius},
  Author                   = {Robert J. Penella},
  Publisher                = {Berkeley, CA},
  Year                     = {2007},

  Owner                    = {Will},
  Timestamp                = {2014.05.05}
}

@Book{Perry2005,
  Title                    = {The Aesthetics of Emulation in the Visual Arts of Ancient Rome},
  Author                   = {Ellen Perry},
  Publisher                = {Cambridge},
  Year                     = {2005},

  Owner                    = {Will},
  Timestamp                = {2015.07.12}
}

@InCollection{Perry2015,
  Title                    = {Human Interaction with Statues},
  Author                   = {Ellen E. Perry},
  Booktitle                = {The Oxford Handbook of Roman Sculpture},
  Publisher                = {Oxford},
  Year                     = {2015},
  Editor                   = {Elise A. Friedland and Melanie Grunow Sobocinski and Elaine K. Gazda},
  Pages                    = {653-66.},

  Owner                    = {Will},
  Timestamp                = {2015.07.19}
}

@InCollection{Perry2002,
  Title                    = {Rhetoric, Literary Criticism, and the Roman Aesthetics of Artistic Imitation},
  Author                   = {Ellen E. Perry},
  Booktitle                = {The Ancient Art of Emulation: Studies in Artistic Originality and Tradition from the Present to Classical Antiquity},
  Publisher                = {Michigan},
  Year                     = {2002},
  Editor                   = {Elaine K. Gazda},
  Pages                    = {153-72},

  Owner                    = {Will},
  Timestamp                = {2015.06.20}
}

@Article{Petersen2003,
  Title                    = {The Baker, his Tomb, his Wife, and her Breadbasket: The Monument of Eurysaces in Rome},
  Author                   = {Petersen, Lauren Hackworth},
  Journal                  = {ABull},
  Year                     = {2003},
  Number                   = {2},
  Pages                    = {230-57},
  Volume                   = {85},

  Copyright                = {Copyright © 2003 College Art Association},
  ISSN                     = {00043079},
  Jstor_articletype        = {research-article},
  Jstor_formatteddate      = {Jun., 2003},
  Language                 = {English},
  Publisher                = {College Art Association}
}

@InCollection{Diomidis2007,
  Title                    = {Landscape, Transformation, and Divine Epiphany},
  Author                   = {Alexia Petsalis-Diomidis},
  Booktitle                = {Severan Culture},
  Publisher                = {Cambridge},
  Year                     = {2007},
  Editor                   = {Simon Swain and Stephen Harrison and Ja\'{s} Elsner},
  Pages                    = {250-89},

  Owner                    = {Will},
  Timestamp                = {2015.08.07}
}

@Article{Phillips1974,
  Title                    = {Verbs Compounded with \emph{trans}- in Livy's Triumph Reports},
  Author                   = {Phillips, Jane E.},
  Journal                  = {CPh},
  Year                     = {1974},
  Number                   = {1},
  Pages                    = {54-5},
  Volume                   = {69},

  Timestamp                = {2015.08.06}
}

@Book{AMNG1,
  Title                    = {Die antiken M\"{u}nzen von Dacien und Moesien},
  Author                   = {Behrendt Pick},
  Editor                   = {F. Imhoof-Blumer},
  Publisher                = {Berlin},
  Year                     = {1898},
  Series                   = {Die antiken M\"{u}nzen Nord-Griechenlands},
  Volume                   = {I},

  Owner                    = {Will},
  Timestamp                = {2014.02.13}
}

@Book{Pickard1953,
  Title                    = {The Dramatic Festivals of Athens},
  Author                   = {Pickard-Cambridge, A.},
  Publisher                = {Oxford},
  Year                     = {1953}
}

@Article{Platt2012,
  Title                    = {Framing the Dead on Roman Sarcophagi},
  Author                   = {Verity Platt},
  Journal                  = {RES: Anthropology and Aesthetics},
  Year                     = {2012},
  Pages                    = {213-27},
  Volume                   = {61},

  Owner                    = {Will},
  Timestamp                = {2015.01.27}
}

@Book{Platt2011,
  Title                    = {Facing the Gods: Epiphany and Representation in Graeco-Roman Art, Literature and Religion},
  Author                   = {Platt, V.},
  Publisher                = {Cambridge},
  Year                     = {2011}
}

@Book{BMCGreekAlexandria,
  Title                    = {Catalogue of the Coins of Alexandria and the Nomes},
  Author                   = {Reginald Stuart Poole},
  Publisher                = {London},
  Year                     = {1892},
  Series                   = {A Catalogue of the Greek Coins in the British Museum},

  Owner                    = {Will},
  Timestamp                = {2015.08.06}
}

@Article{Rupke2006,
  Title                    = {Triumphator and Ancestor Rituals between Symbolic Anthropology and Magic},
  Author                   = {R\"{u}pke, J\"{o}rg},
  Journal                  = {Numen},
  Year                     = {2006},
  Number                   = {3},
  Pages                    = {251-89},
  Volume                   = {53}
}

@InCollection{Rasmussen2001,
  Title                    = {Bacchus Triumphs on the North Downs: the Polesden Lacey Sarcophagus},
  Author                   = {Tom Rasmussen},
  Booktitle                = {The Archaeology of the Roman Empire: a Tribute to the Life and Works of Professor Barri Jones},
  Publisher                = {Oxford},
  Year                     = {2001},
  Editor                   = {Higham, N. J.},
  Pages                    = {335-42},

  Owner                    = {Will},
  Timestamp                = {2013.10.14}
}

@Article{Ratti2004,
  Title                    = {Urban Texture and Space Syntax: Some Inconsistencies},
  Author                   = {Ratti, C.},
  Journal                  = {Environment and Planning B: Planning and Design},
  Year                     = {2004},
  Number                   = {4},
  Pages                    = {487-500},
  Volume                   = {31},

  Owner                    = {abxwl},
  Timestamp                = {2011.12.07}
}

@Book{Rebillard2013,
  Title                    = {The Care of the Dead in Late Antiquity},
  Author                   = {Rebillard, \'{E}ric},
  Publisher                = {London},
  Year                     = {2013},

  Owner                    = {Will},
  Timestamp                = {2014.08.02}
}

@Book{Reinsberg2006,
  Title                    = {Die Sarkophage mit Darstellungen aus dem Menschenleben: Vita Romana.Teil 3},
  Author                   = {Reinsberg, Carola},
  Publisher                = {Berlin},
  Year                     = {2006},
  Series                   = {Die Antiken Sarkophagreliefs},
  Volume                   = {I},

  Owner                    = {Will},
  Timestamp                = {2015.01.09}
}

@Article{Reinsberg1995,
  Title                    = {Senatorensarkophage},
  Author                   = {Reinsberg, C.},
  Journal                  = {MDAI(R)},
  Year                     = {1995},
  Pages                    = {353-70},
  Volume                   = {102},

  Owner                    = {Will},
  Timestamp                = {2015.01.02}
}

@Book{Rice1983,
  Title                    = {The Grand Procession of Ptolemy Philadelphus},
  Author                   = {E. E. Rice},
  Publisher                = {Oxford},
  Year                     = {1983},

  Owner                    = {abxwl},
  Timestamp                = {2012.12.06}
}

@Book{Ridgway1997,
  Title                    = {Fourth-Century Styles in Greek Sculpture},
  Author                   = {Ridgway, Sismondo Brunhilde},
  Publisher                = {Madison, WI},
  Year                     = {1997},

  Owner                    = {Will},
  Timestamp                = {2015.03.30}
}

@InCollection{Riegl1998,
  Title                    = {Leading Charcteristics of the Late Roman \emph{Kunstwollen}},
  Author                   = {Alois Riegl},
  Booktitle                = {The Art of Art History},
  Publisher                = {Oxford, trans.\ Winks, R.},
  Year                     = {1998},
  Editor                   = {Donald Preziosi},
  Pages                    = {155-61},

  Owner                    = {Will},
  Timestamp                = {2014.08.07}
}

@Book{Ritter1995,
  Title                    = {Hercules in der r\"{o}mischen Kunst von den Anf\"{a}ngen bis Augustus},
  Author                   = {Stefan Ritter},
  Publisher                = {Heidelberg},
  Year                     = {1995},

  Owner                    = {Will},
  Timestamp                = {2015.06.15}
}

@Article{Robert1900,
  Title                    = {A Collection of Roman Sarcophagi at Clieveden},
  Author                   = {Robert, C.},
  Journal                  = {JHS},
  Year                     = {1900},
  Pages                    = {81-98},
  Volume                   = {20}
}

@Book{Roberts2013,
  Title                    = {Life and Death in Pompeii and Herculaneum},
  Author                   = {Paul Roberts},
  Publisher                = {London},
  Year                     = {2013},

  Owner                    = {Will},
  Timestamp                = {2014.02.14}
}

@Book{Rodenwaldt1935,
  Title                    = {\"{U}ber den Stilwandel in der Antoninischen Kunst},
  Author                   = {Gerhart Rodenwaldt},
  Publisher                = {Berlin},
  Year                     = {1935},

  Owner                    = {Will},
  Timestamp                = {2014.08.08}
}

@Book{Romano2006,
  Title                    = {Classical Sculpture: Catalogue of the Cypriot, Greek and Roman Stone Sculpture in the University of Pennsylvania Museum of Archaeology and Anthropology},
  Author                   = {Romano, Irene B.},
  Publisher                = {Philadelphia},
  Year                     = {2006},

  Owner                    = {Will},
  Timestamp                = {2014.08.03}
}

@InCollection{Heginbottom2001,
  Title                    = {The Iconography of Dionysos' Indian Triumph},
  Author                   = {Renate Rosenthal-Heginbottom},
  Booktitle                = {Dionysos: origines et r\'{e}surgences},
  Publisher                = {Paris},
  Year                     = {2001},
  Editor                   = {Ilana Zinguer},
  Pages                    = {33-8},

  Owner                    = {Will},
  Timestamp                = {2015.08.07}
}

@Article{Rothman1977,
  Title                    = {The Thematic Organization of the Panel Reliefs on the Arch of Galerius},
  Author                   = {Rothman, Margret S. Pond},
  Journal                  = {AJA},
  Year                     = {1977},
  Number                   = {4},
  Pages                    = {427-54},
  Volume                   = {81},

  Copyright                = {Copyright © 1977 Archaeological Institute of America},
  Language                 = {English},
  Publisher                = {Archaeological Institute of America}
}

@Article{Rousselle1987,
  Title                    = {Liber-Dionysus in Early Roman Drama},
  Author                   = {Rousselle, Robert},
  Journal                  = {CJ},
  Year                     = {1987},
  Number                   = {3},
  Pages                    = {193-8},
  Volume                   = {82}
}

@Book{Rowan2012,
  Title                    = {Under Divine Auspices: Divine Ideology and the Visualisation of Imperial Power in the Severan Period},
  Author                   = {Clare Rowan},
  Publisher                = {Cambridge},
  Year                     = {2012},

  Owner                    = {Will},
  Timestamp                = {2015.06.17}
}

@InCollection{Russell2010,
  Title                    = {The Roman Sarcophagus ``Industry'': a Reconsideration},
  Author                   = {Ben Russell},
  Booktitle                = {Life, Death and Representation: Some New Work on Roman Sarcophagi},
  Publisher                = {Berlin},
  Year                     = {2010},
  Editor                   = {Elsner, J. and Huskinson, J.},
  Pages                    = {119-148},

  Owner                    = {Will},
  Timestamp                = {2015.08.06}
}

@InCollection{Russell2015,
  Title                    = {Transport and Distribution},
  Author                   = {Ben Russell},
  Booktitle                = {The Oxford Handbook of Roman Sculpture},
  Publisher                = {Oxford},
  Year                     = {2015},
  Editor                   = {Elise A. Friedland and Melanie Grunow Sobocinski and Elaine K. Gazda},
  Pages                    = {189-209},

  Owner                    = {Will},
  Timestamp                = {2015.07.14}
}

@Book{Russell2013,
  Title                    = {The Economics of the Roman Stone Trade},
  Author                   = {Ben Russell},
  Publisher                = {Oxford},
  Year                     = {2013},

  Owner                    = {Will},
  Timestamp                = {2014.08.15}
}

@Article{Rutgers1992,
  Title                    = {Archaeological Evidence for the Interaction of Jews and Non-Jews in Late Antiquity},
  Author                   = {Rutgers, Leonard Victor},
  Journal                  = {AJA},
  Year                     = {1992},
  Number                   = {1},
  Pages                    = {101-18},
  Volume                   = {96}
}

@Book{Ryberg1967,
  Title                    = {Panel Reliefs of Marcus Aurelius},
  Author                   = {Inez Scott Ryberg},
  Publisher                = {New York},
  Year                     = {1967},

  Owner                    = {abxwl},
  Timestamp                = {2013.12.31}
}

@Article{Ryberg1955,
  Title                    = {Rites of the State Religion in Roman Art},
  Author                   = {Ryberg, Inez Scott},
  Journal                  = {MAAR},
  Year                     = {1955},
  Pages                    = {1-227},
  Volume                   = {22}
}

@Book{Salzman1990,
  Title                    = {On Roman Time: The Codex-Calendar of 354 and the Rhythms of Urban Life in Late Antiquity},
  Author                   = {Michele Renee Salzman},
  Publisher                = {Los Angeles, CA},
  Year                     = {1990},

  Owner                    = {Will},
  Timestamp                = {2014.05.28}
}

@Book{Sanders1982,
  Title                    = {Roman Crete: an Archaeological Survey and Gazetteer of Late Hellenistic, Roman, and Early Byzantine Crete},
  Author                   = {Ian F. Sanders},
  Publisher                = {Warminster},
  Year                     = {1982},

  Owner                    = {Will},
  Timestamp                = {2014.08.05}
}

@Book{Sartre1956,
  Title                    = {Being and Nothingness},
  Author                   = {Jean-Paul Sartre},
  Publisher                = {New York, trans. Barnes, H.\ E.},
  Year                     = {1956},

  Owner                    = {Will},
  Timestamp                = {2014.10.30}
}

@Book{Sauron1998,
  Title                    = {La Grande Fresque de la Villa des Myst\`{e}res \`{a} Pomp\'{e}i},
  Author                   = {Gilles Sauron},
  Publisher                = {Paris},
  Year                     = {1998},

  Owner                    = {abxwl},
  Timestamp                = {2011.12.08}
}

@InCollection{Schaefer2007,
  Title                    = {Ein fr\"{u}kaiserzeitliches Relief mit \emph{pompa triumphalis}},
  Author                   = {Thomas Sch\"{a}fer},
  Booktitle                = {Nikopolis II: Proceedings of the Second International Symposium on Nikopolis},
  Publisher                = {Preveza},
  Year                     = {2007},
  Pages                    = {471-81},

  Owner                    = {Will},
  Timestamp                = {2015.09.14}
}

@Book{Schoffel2002,
  Title                    = {Martial, Buch 8: Einleitung, Text, \"{U}bersetzung, Kommentar},
  Author                   = {Sch\"{o}ffel, C.},
  Publisher                = {Stuttgart},
  Year                     = {2002},

  Owner                    = {Will},
  Timestamp                = {2014.05.07}
}

@InCollection{Schultze2011,
  Title                    = {{}``The Sole Glory of Death'': Dying and Commemoration in Dionysius of Halicarnassus},
  Author                   = {Clemence Schultze},
  Booktitle                = {Memory and Mourning: Studies on Roman Death},
  Publisher                = {Oxford},
  Year                     = {2011},
  Editor                   = {Hope, V. M. and Huskinson, J.},
  Pages                    = {78-92},

  Owner                    = {Will},
  Timestamp                = {2015.08.06}
}

@Article{Scullion2002,
  Title                    = {`'Nothing to Do with Dionysus'': Tragedy Misconceived as Ritual},
  Author                   = {Scullion, Scott},
  Journal                  = {CQ},
  Year                     = {2002},
  Number                   = {1},
  Pages                    = {102-37},
  Volume                   = {52}
}

@Book{Seaford2006,
  Title                    = {Dionysos},
  Author                   = {Richard Seaford},
  Publisher                = {London},
  Year                     = {2006},

  Owner                    = {Will},
  Timestamp                = {2015.04.10}
}

@Article{Seaford1990,
  Title                    = {Review of ``Dionysos at Large'' by Detienne, M.},
  Author                   = {Seaford, Richard},
  Journal                  = {CR},
  Year                     = {1990},
  Number                   = {1},
  Pages                    = {173-4},
  Volume                   = {40},

  Timestamp                = {2015.08.06}
}

@Article{Seaford1981,
  Title                    = {Dionysiac Drama and the Dionysiac Mysteries},
  Author                   = {Seaford, Richard},
  Journal                  = {CQ},
  Year                     = {1981},
  Number                   = {2},
  Pages                    = {252-75},
  Volume                   = {31}
}

@Book{Settis1988,
  Title                    = {La colonna Traiana},
  Author                   = {Salvator Settis and Adriano la Regina and Giovanni Agosti and Vincenzo Farinella},
  Publisher                = {Turin},
  Year                     = {1988},

  Owner                    = {Will},
  Timestamp                = {2015.07.24}
}

@InCollection{Shaya2015,
  Title                    = {Ancient Analogs of Museums},
  Author                   = {Josephine Shaya},
  Booktitle                = {The Oxford Handbook of Roman Sculpture},
  Publisher                = {Oxford},
  Year                     = {2015},
  Editor                   = {Elise A. Friedland and Melanie Grunow Sobocinski and Elaine K. Gazda},
  Pages                    = {622-37},

  Owner                    = {Will},
  Timestamp                = {2015.08.06}
}

@Book{Sichtermann1992,
  Title                    = {Die mythologischen Sarkophage: Teil 2, Apollon, Ares, Bellerophon, Daidalos, Endymion, Ganymed, Giganten, Grazien},
  Author                   = {Hellmut Sichtermann},
  Publisher                = {Berlin},
  Year                     = {1992},
  Series                   = {Die Antiken Sarkophagreliefs},
  Volume                   = {XII},

  Owner                    = {Will},
  Timestamp                = {2015.01.09}
}

@Article{Sichtermann1984,
  Title                    = {Der Schlafende Ganymed},
  Author                   = {Sichtermann, H.},
  Journal                  = {Gymnasium},
  Year                     = {1984},
  Pages                    = {289-305},
  Volume                   = {91},

  Owner                    = {Will},
  Timestamp                = {2015.03.23}
}

@Article{Siotto2015,
  Title                    = {A Multidisciplinary Approach for the Study and the Virtual Reconstruction of the Ancient Polychromy of Roman Sarcophagi},
  Author                   = {Eliana Siotto and Matteo Dellepiane and Marco Callieri and Roberto Scopigno and Corrado Gratziu and Alessandra Moscato and Lucia Burgio and Stefano Legnaioli and Giulia Lorenzetti and Vincenzo Palleschi},
  Journal                  = {Journal of Cultural Heritage },
  Year                     = {2015},
  Number                   = {3},
  Pages                    = {307-14},
  Volume                   = {16}
}

@InCollection{Smith2006,
  Title                    = {The Use of Images: Visual History and Ancient History},
  Author                   = {R. R. R. Smith},
  Booktitle                = {Classics in Progress: Essays on Ancient Greece and Rome},
  Publisher                = {Oxford},
  Year                     = {2006},
  Editor                   = {Wiseman, T. P.},
  Pages                    = {59-102},

  Owner                    = {Will},
  Timestamp                = {2014.09.10}
}

@Article{Smith1998,
  Title                    = {Cultural Choice and Political Identity in Honorific Portrait Statues in the Greek East in the Second Century A.D.},
  Author                   = {Smith, R. R. R.},
  Journal                  = {JRS},
  Year                     = {1998},
  Pages                    = {56-93},
  Volume                   = {88},

  Timestamp                = {2015.08.06}
}

@Book{Snowden1970,
  Title                    = {Blacks in Antiquity: Ethiopians in the Greco-Roman Experience},
  Author                   = {Snowden, F.M.},
  Publisher                = {Harvard},
  Year                     = {1970}
}

@InCollection{Sobocinski2015,
  Title                    = {Monumental Reliefs},
  Author                   = {Melanie Grunow Sobocinski and Elizabeth Wolfram Thill},
  Booktitle                = {The Oxford Handbook of Roman Sculpture},
  Publisher                = {Oxford},
  Year                     = {2015},
  Editor                   = {Elise A. Friedland and Melanie Grunow Sobocinski and Elaine K. Gazda},
  Pages                    = {276-91},

  Owner                    = {Will},
  Timestamp                = {2015.07.14}
}

@Article{Sorabella2001,
  Title                    = {A Roman Sarcophagus and its Patron},
  Author                   = {Sorabella, Jean},
  Journal                  = {MMJ},
  Year                     = {2001},
  Pages                    = {67-81},
  Volume                   = {36},

  Timestamp                = {2015.08.06}
}

@Book{Spinola1996,
  Title                    = {Il Museo Pio-Clementino, vol. 1},
  Author                   = {Giandomenico Spinola},
  Publisher                = {Vatican City},
  Year                     = {1996},

  Owner                    = {Will},
  Timestamp                = {2015.08.12}
}

@Book{Spivey1997,
  Title                    = {Greek Art},
  Author                   = {Spivey, N.},
  Publisher                = {London},
  Year                     = {1997}
}

@Book{Spivey1996,
  Title                    = {Understanding Greek Sculpture},
  Author                   = {Spivey, N.},
  Publisher                = {London},
  Year                     = {1996}
}

@Book{Spivey2004,
  Title                    = {Panorama of the Classical World},
  Author                   = {Nigel Spivey and Michael Squire},
  Publisher                = {London},
  Year                     = {2004},

  Owner                    = {Will},
  Timestamp                = {2014.01.02}
}

@Book{Stafford2012,
  Title                    = {Herakles},
  Author                   = {Emma Stafford},
  Publisher                = {Oxford},
  Year                     = {2012},

  Owner                    = {Will},
  Timestamp                = {2013.09.22}
}

@Book{Stern1957,
  Title                    = {Recueil G\'{e}neral des Mosa\"{\i}ques de la Gaule 1:1 Province de Belgique},
  Author                   = {Stern, Henri},
  Publisher                = {Paris},
  Year                     = {1957},

  Owner                    = {Will},
  Timestamp                = {2012.11.18}
}

@Article{Stevenson1885,
  Title                    = {Scavi Nella Villa Bonaparte, Sulla Via Salaria},
  Author                   = {Enrico Stevenson},
  Journal                  = {Bulletino dell'Instituto di corrispondenza archeologica},
  Year                     = {1885},
  Pages                    = {22-30},

  Owner                    = {Will},
  Timestamp                = {2014.08.30}
}

@Book{Stewart2008,
  Title                    = {The Social History of Roman Art},
  Author                   = {Peter Stewart},
  Publisher                = {Cambridge},
  Year                     = {2008},

  Owner                    = {Will},
  Timestamp                = {2014.08.16}
}

@Article{Strocka1972,
  Title                    = {Beobachtungen an den Attikareliefs des severischen Quadrifons von Lepcis Magna},
  Author                   = {Strocka, V. M.},
  Journal                  = {AntAfr},
  Year                     = {1972},
  Pages                    = {147-72},
  Volume                   = {6},

  Owner                    = {Will},
  Timestamp                = {2015.08.06}
}

@Book{Strong1916,
  Title                    = {Apotheosis and Afterlife: Three Lectures on Certain Phases of Artand Religionin the Roman Empire},
  Author                   = {Eug\'{e}nie Strong},
  Publisher                = {New York},
  Year                     = {1916},

  Owner                    = {Will},
  Timestamp                = {2015.06.18}
}

@Book{Stroszeck1998,
  Title                    = {L\"{o}wen-Sarkophage: Sarkophage mit L\"{o}wenk\"{o}pfen, Schreitenden L\"{o}wen und L\"{o}wen-Kampfgruppen, Teil 1},
  Author                   = {Stroszeck, Jutta},
  Publisher                = {Berlin},
  Year                     = {1998},
  Series                   = {Die Antiken Sarkophagreliefs},
  Volume                   = {VI},

  Owner                    = {Will},
  Timestamp                = {2015.01.09}
}

@Article{Stubbings1957,
  Title                    = {Mycenaean Deciphered},
  Author                   = {Stubbings, F.H.},
  Journal                  = {G\&R},
  Year                     = {1957},
  Number                   = {2},
  Pages                    = {114-24},
  Volume                   = {4}
}

@Article{Suhr1953,
  Title                    = {Herakles and Omphale},
  Author                   = {Suhr, Elmer G.},
  Journal                  = {AJA},
  Year                     = {1953},
  Number                   = {4},
  Pages                    = {251-63},
  Volume                   = {57},

  Copyright                = {Copyright © 1953 Archaeological Institute of America},
  ISSN                     = {00029114},
  Jstor_articletype        = {research-article},
  Jstor_formatteddate      = {Oct., 1953},
  Language                 = {English},
  Publisher                = {Archaeological Institute of America}
}

@Article{Sumi2002,
  Title                    = {Impersonating the Dead: Mimes at Roman Funerals},
  Author                   = {Sumi, Geoffrey S.},
  Journal                  = {AJPh},
  Year                     = {2002},
  Number                   = {4},
  Pages                    = {559-85},
  Volume                   = {123}
}

@Book{RIC1,
  Title                    = {The Roman Imperial Coinage, vol. 1: Augustus to Vitellius},
  Author                   = {C.H.V. Sutherland and R. A. G. Carson},
  Publisher                = {London},
  Year                     = {1984},

  Owner                    = {Will},
  Timestamp                = {2014.02.05}
}

@Book{RIC6,
  title     = {The Roman Imperial Coinage, vol.\ 6: Diocletian's Reform to the Death of Maximinus},
  publisher = {London},
  year      = {1967},
  author    = {C. H. V. Sutherland},
  editor    = {C. H. V. Sutherland and R. A. G. Carson},
  owner     = {Will},
  timestamp = {2012.08.16},
}

@InCollection{Swetnam2000,
  Title                    = {Bacchus/Liber in Pompeii: A Religious Context for the Villa of the Mysteries Frieze},
  Author                   = {Molly Swetnam-Burland},
  Booktitle                = {The Villa of the Mysteries in Pompeii: Ancient Ritual, Modern Muse},
  Publisher                = {Michigan},
  Year                     = {2000},
  Editor                   = {Gazda, E. K. },
  Pages                    = {59-74},

  Owner                    = {Will},
  Timestamp                = {2011.11.28}
}

@Article{Taisne1973,
  Title                    = {Le th\`{e}me du triomphe dans la po\'{e}sie et l'art sous les Flaviens},
  Author                   = {Anne-Marie Taisne},
  Journal                  = {Latomus},
  Year                     = {1973},
  Pages                    = {485-504},
  Volume                   = {32},

  Owner                    = {Will},
  Timestamp                = {2014.01.19}
}

@InCollection{Thomas2010,
  Title                    = {{}``Houses of the Dead''? Columnar Sarcophagi as ``Micro-Architecture''{}},
  Author                   = {Edmund Thomas},
  Booktitle                = {Life, Death and Representation: Some New Work on Roman Sarcophagi},
  Publisher                = {Berlin},
  Year                     = {2010},
  Editor                   = {Elsner, J. and Huskinson, J.},
  Pages                    = {387-485},

  Owner                    = {Will},
  Timestamp                = {2015.08.06}
}

@Book{Thompson1990,
  Title                    = {Ideology and Modern Culture: Critical Social Theory in the Era of Mass Communication},
  Author                   = {J. B. Thompson},
  Publisher                = {Stanford},
  Year                     = {1990},

  Owner                    = {Will},
  Timestamp                = {2013.09.22}
}

@Book{Thompson1932,
  Title                    = {Motif-index of Folk-literature},
  Author                   = {Stith Thompson},
  Publisher                = {Helsinki},
  Year                     = {1932}
}

@Book{Torelli2001,
  Title                    = {Arte Etrusca},
  Author                   = {Torelli, M.},
  Publisher                = {Laterza},
  Year                     = {2001}
}

@PhdThesis{Torjusson2008,
  Title                    = {Metamorphoses of Myth: A Study of the ``Orphic'' Gold Tablets and the Derveni Papyrus},
  Author                   = {Stian Sundell Torjussen},
  School                   = {University of Troms\o},
  Year                     = {2008},

  Owner                    = {Will},
  Timestamp                = {2011.11.11}
}

@Article{Townsend1938,
  Title                    = {The Significance of the Arch of the Severi at Lepcis},
  Author                   = {Townsend, Prescott W.},
  Journal                  = {AJA},
  Year                     = {1938},
  Number                   = {4},
  Pages                    = {512-24},
  Volume                   = {42},

  Copyright                = {Copyright © 1938 Archaeological Institute of America},
  ISSN                     = {00029114},
  Jstor_articletype        = {research-article},
  Jstor_formatteddate      = {Oct. - Dec., 1938},
  Language                 = {English},
  Publisher                = {Archaeological Institute of America}
}

@Book{Toynbee1973,
  Title                    = {Animals in Roman Life and Art},
  Author                   = {Toynbee, J. M. C.},
  Publisher                = {London},
  Year                     = {1973},

  Owner                    = {Will},
  Timestamp                = {2014.03.15}
}

@Book{Toynbee1971,
  Title                    = {Death and Burial in the Roman World},
  Author                   = {J. M. C. Toynbee},
  Publisher                = {Ithaca},
  Year                     = {1971},

  Owner                    = {abxwl},
  Timestamp                = {2012.03.02}
}

@Article{Toynbee1929,
  Title                    = {The Villa Item and a Bride's Ordeal},
  Author                   = {J. M. C. Toynbee},
  Journal                  = {JRS},
  Year                     = {1929},
  Pages                    = {67-87},
  Volume                   = {19}
}

@InCollection{Trimble2015,
  Title                    = {Reception Theory},
  Author                   = {Jennifer Trimble},
  Booktitle                = {The Oxford Handbook of Roman Sculpture},
  Publisher                = {Oxford},
  Year                     = {2015},
  Editor                   = {Elise A. Friedland and Melanie Grunow Sobocinski and Elaine K. Gazda},
  Pages                    = {606-21},

  Owner                    = {Will},
  Timestamp                = {2015.07.14}
}

@InCollection{Tuck2015,
  Title                    = {Epigraphy and Patronage},
  Author                   = {Steven L. Tuck},
  Booktitle                = {The Oxford Handbook of Roman Sculpture},
  Publisher                = {Oxford},
  Year                     = {2015},
  Editor                   = {Elise A. Friedland and Melanie Grunow Sobocinski and Elaine K. Gazda},
  Pages                    = {407-23},

  Owner                    = {Will},
  Timestamp                = {2015.07.14}
}

@Book{Turcan1999,
  Title                    = {Messages d'Outre-Tombe: l'iconographie des sarcophages romains},
  Author                   = {Robert Turcan},
  Publisher                = {Paris},
  Year                     = {1999},

  Owner                    = {Will},
  Timestamp                = {2015.07.24}
}

@Book{Turcan1996,
  Title                    = {The Cults of the Roman Empire},
  Author                   = {Turcan, R.},
  Publisher                = {Cambridge MA},
  Year                     = {1996}
}

@Article{Turcan1987,
  Title                    = {D\'{e}formation des mod\`{e}les et confusions typologiques dans l'iconographie des sarcophages Romains},
  Author                   = {Robert Turcan},
  Journal                  = {ASNP},
  Year                     = {1987},
  Pages                    = {429-46},

  Owner                    = {Will},
  Timestamp                = {2015.08.06}
}

@Book{Turcan1966,
  Title                    = {Les sarcophages Romains a r\'{e}presentations Dionysiaques},
  Author                   = {Turcan, R.},
  Publisher                = {Paris},
  Year                     = {1966},

  Owner                    = {Will},
  Timestamp                = {2011.11.14}
}

@Book{Varhelyi2010,
  Title                    = {The Religion of Senators in the Roman Empire},
  Author                   = {Zsuzanna V\'{a}rhelyi},
  Publisher                = {Cambridge},
  Year                     = {2010},

  Owner                    = {Will},
  Timestamp                = {2015.07.28}
}

@Book{Varbanov,
  Title                    = {Greek Imperial Coins and their Values, Vols. I-III},
  Author                   = {Ivan Varbanov},
  Publisher                = {Burgas},
  Year                     = {2005-7},

  Owner                    = {Will},
  Timestamp                = {2015.06.14}
}

@Article{Vermeule1974,
  Title                    = {Review of ``Marmi Antichi nei Disegni di Pier Leone Ghezzi'' by Guerrini, L.},
  Author                   = {Vermeule, Cornelius C.},
  Journal                  = {ABull},
  Year                     = {1974},
  Number                   = {3},
  Pages                    = {455-6},
  Volume                   = {56},

  Copyright                = {Copyright © 1974 College Art Association},
  ISSN                     = {00043079},
  Jstor_articletype        = {book-review},
  Jstor_formatteddate      = {Sep., 1974},
  Language                 = {English},
  Publisher                = {College Art Association},
  Timestamp                = {2015.08.06}
}

@Article{Vermeule1955,
  Title                    = {Notes on a New Edition of Michaelis: Ancient Marbles in Great Britain},
  Author                   = {Vermeule, Cornelius C.},
  Journal                  = {AJA},
  Year                     = {1955},
  Number                   = {2},
  Pages                    = {129-50},
  Volume                   = {59}
}

@Article{Versnel2006,
  Title                    = {Red (Herring?) Comments on a New Theory Concerning the Origin of the Triumph},
  Author                   = {Versnel, H. S.},
  Journal                  = {Numen},
  Year                     = {2006},
  Number                   = {3},
  Pages                    = {290-326},
  Volume                   = {53},

  Owner                    = {Will},
  Timestamp                = {2015.03.03}
}

@Book{Versnel1970,
  Title                    = {Triumphus: an Inquiry into the Origin, Development and Meaning of the Roman Triumph},
  Author                   = {H. S. Versnel},
  Publisher                = {Leiden},
  Year                     = {1970},

  Owner                    = {abxwl},
  Timestamp                = {2012.02.24}
}

@Article{Vogliano1933,
  Title                    = {La Grande Iscrizione Bacchica del Metropolitan Museum},
  Author                   = {Vogliano, Achille},
  Journal                  = {AJA},
  Year                     = {1933},
  Number                   = {2},
  Pages                    = {215-31},
  Volume                   = {37}
}

@InCollection{Vout2014,
  Title                    = {The Funerary Altar of Pedana and the Rhetoric of Unreachability},
  Author                   = {Vout, C.},
  Booktitle                = {Art and Rhetoric in Roman Culture},
  Publisher                = {Cambridge},
  Year                     = {2014},
  Editor                   = {Elsner, J. and Meyer, M.},
  Pages                    = {288-315},

  Owner                    = {Will},
  Timestamp                = {2015.01.15}
}

@Book{Vout2007,
  Title                    = {Power and Eroticism in Imperial Rome},
  Author                   = {Caroline Vout},
  Publisher                = {Cambridge},
  Year                     = {2007},

  Owner                    = {Will},
  Timestamp                = {2013.10.23}
}

@Article{Waanders2008,
  Title                    = {The Syntax and Co-occurrence of Case Functions in Mycenaean Texts},
  Author                   = {Waanders, F.},
  Journal                  = {Colloquium Romanum: Atti del XII Colloquio Internazionale di Micenologia},
  Year                     = {2008},
  Pages                    = {795-809},
  Volume                   = {2}
}

@Book{REC1912,
  Title                    = {Recueil G\'{e}n\'{e}ral des Monnaies Grecques d'Asie Mineure},
  Author                   = {W. Waddington and E. Babelon and T. Reinach},
  Publisher                = {Paris},
  Year                     = {1912},

  Owner                    = {Will},
  Timestamp                = {2014.01.07}
}

@InCollection{Walker1990b,
  Title                    = {The Sarcophagus of Maconiana Severiana},
  Author                   = {Susan Walker},
  Booktitle                = {Roman Funerary Monuments in the J.\ Paul Getty Museum, vol.\ 1},
  Publisher                = {Malibu, CA},
  Year                     = {1990},
  Editor                   = {True, Marion and Koch, Guntram},
  Pages                    = {83-94},

  Owner                    = {Will},
  Timestamp                = {2014.08.11}
}

@Book{Walker1990a,
  Title                    = {Catalogue of Roman Sarcophagi in the British Museum},
  Author                   = {Walker, S.},
  Publisher                = {London},
  Year                     = {1990},

  Owner                    = {Will},
  Timestamp                = {2011.11.14}
}

@Book{Hadrill1994,
  Title                    = {Houses and Society in Pompeii and Herculaneum},
  Author                   = {Wallace-Hadrill, A.},
  Publisher                = {Princeton},
  Year                     = {1994}
}

@Article{WardPerkins1948,
  Title                    = {Severan Art and Architecture at Lepcis Magna},
  Author                   = {Ward-Perkins, J. B.},
  Journal                  = {JRS},
  Year                     = {1948},
  Pages                    = {59-80},
  Volume                   = {38}
}

@InCollection{WardPerkins1992,
  Title                    = {Taste and Technology: the Baltimore Sarcophagi},
  Author                   = {J. B. Ward-Perkins and Dodge, Hazel},
  Booktitle                = {Marble in Antiquity: Collected Papers of J.B. Ward-Perkins},
  Publisher                = {Rome},
  Year                     = {1992},
  Editor                   = {Dodge, H. and Ward-Perkins, B.},
  Pages                    = {39-54},

  Owner                    = {Will},
  Timestamp                = {2015.09.14}
}

@Book{Weber1978,
  Title                    = {Die Darstellungen einer Wagenfahrt auf r\"{o}mischen Sarkophagdeckeln und Loculus-Platten des 3.\ und 4.\ Jh.\ n.\ Chr.},
  Author                   = {Weber, W.},
  Publisher                = {Rome},
  Year                     = {1978},

  Owner                    = {Will},
  Timestamp                = {2015.01.10}
}

@Book{Webster1997,
  Title                    = {The Transformation of the Roman World AD 400--900},
  Author                   = {Webster, L. and Brown, M.},
  Publisher                = {California},
  Year                     = {1997}
}

@Article{Weinstock1957,
  Title                    = {Victor and Invictus},
  Author                   = {Stefan Weinstock},
  Journal                  = {HThR},
  Year                     = {1957},
  Pages                    = {211-47},
  Volume                   = {50},

  Owner                    = {Will},
  Timestamp                = {2013.08.26}
}

@Article{Wiedemann1985,
  Title                    = {The Regularity of Manumission at Rome},
  Author                   = {Wiedemann, Thomas E. J.},
  Journal                  = {CQ},
  Year                     = {1985},
  Number                   = {1},
  Pages                    = {162-75},
  Volume                   = {35},

  Copyright                = {Copyright © 1985 The Classical Association},
  ISSN                     = {00098388},
  Jstor_articletype        = {research-article},
  Jstor_formatteddate      = {1985},
  Language                 = {English},
  Publisher                = {Cambridge University Press on behalf of The Classical Association},
  Series                   = {New Series}
}

@Book{Wilamowitz1932,
  Title                    = {Der Glaube der Hellenen, II Band},
  Author                   = {von Wilamowitz-Moellendorff, Ulrich},
  Publisher                = {Berlin},
  Year                     = {1932},

  Owner                    = {Will},
  Timestamp                = {2011.11.09}
}

@InCollection{Wilburn2000,
  Title                    = {The God of Fertility in Room 5 of the Villa of the Mysteries},
  Author                   = {Drew Wilburn},
  Booktitle                = {The Villa of the Mysteries in Pompeii: Ancient Ritual, Modern Muse},
  Publisher                = {Michigan},
  Year                     = {2000},
  Editor                   = {Gazda, E. K.},
  Pages                    = {50-58},

  Owner                    = {Will},
  Timestamp                = {2015.09.14}
}

@Book{Williams2009,
  Title                    = {Roman Homosexuality: Second Edition},
  Author                   = {Craig A Williams},
  Publisher                = {Oxford},
  Year                     = {2009},

  Owner                    = {Will},
  Timestamp                = {2014.08.01}
}

@Article{Wind1950,
  Title                    = {A Note on Bacchus and Ariadne},
  Author                   = {Wind, Edgar},
  Journal                  = {The Burlington Magazine},
  Year                     = {1950},
  Number                   = {564},
  Pages                    = {82, 84-5},
  Volume                   = {92},

  Copyright                = {Copyright © 1950 The Burlington Magazine Publications Ltd.},
  ISSN                     = {00076287},
  Jstor_articletype        = {research-article},
  Jstor_formatteddate      = {Mar., 1950},
  Language                 = {English},
  Publisher                = {The Burlington Magazine Publications Ltd.}
}

@Article{Wiseman2001,
  Title                    = {Bacchic Mysteries: Spiritual Life in Antiquity},
  Author                   = {Wiseman, J.},
  Journal                  = {Archaeology},
  Year                     = {2001},
  Number                   = {3},
  Pages                    = {10-14},
  Volume                   = {53}
}

@Book{Wood1986,
  Title                    = {Roman Portrait Sculpture 217--260 A.D.},
  Author                   = {Susan Wood},
  Publisher                = {New York, NY},
  Year                     = {1986},

  Owner                    = {Will},
  Timestamp                = {2014.07.20}
}

@Article{Wood1978,
  Title                    = {Alcestis on Roman Sarcophagi},
  Author                   = {Susan Wood},
  Journal                  = {AJA},
  Year                     = {1978},
  Number                   = {4},
  Pages                    = {499-510},
  Volume                   = {82},

  Owner                    = {Will},
  Timestamp                = {2015.09.14}
}

@Book{Wrede2001,
  Title                    = {Senatorische Sarkophage Roms: Der Beitrag des Senatorenstandes zur r\"{o}mischen Kunst der hohen und sp\"{a}ten Kaiserzeit},
  Author                   = {Henning Wrede},
  Publisher                = {Mainz},
  Year                     = {2001},

  Owner                    = {Will},
  Timestamp                = {2014.12.14}
}

@Book{Wrede1981,
  Title                    = {\emph{consecratio in formam deorum}: verg\"{o}ttlichte Privatpersonen in der r\"{o}mischen Kaiserzeit},
  Author                   = {Henning Wrede},
  Publisher                = {Mainz},
  Year                     = {1981},

  Owner                    = {Will},
  Timestamp                = {2014.09.20}
}

@Book{BMCGreekTroas,
  Title                    = {Catalogue of the Coins of Troas, Aeolis and Lesbos},
  Author                   = {Warwick Wroth},
  Publisher                = {London},
  Year                     = {1894},
  Series                   = {A Catalogue of the Greek Coins in the British Museum},

  Owner                    = {Will},
  Timestamp                = {2015.08.06}
}

@Book{Wypustek2013,
  Title                    = {Images of Eternal Beauty in Funerary Verse Inscriptions of The Hellenistic and Greco-Roman Periods},
  Author                   = {Andrzej Wypustek},
  Publisher                = {Leiden},
  Year                     = {2013},

  Owner                    = {Will},
  Timestamp                = {2014.10.08}
}

@Book{Yonge1856,
  Title                    = {The Orations of Marcus Tullius Cicero, Literally Translated},
  Author                   = {Yonge, C. D.},
  Publisher                = {London},
  Year                     = {1856},

  Owner                    = {Will},
  Timestamp                = {2015.03.15}
}

@InCollection{Zachos2007,
  Title                    = {{\tt Τα γλυπτά του βωμού στο Μνημείο του Οκταβιανού Αυγούστου στη Νικόπολη}},
  Author                   = {Konstantinos L. Zachos},
  Booktitle                = {Nikopolis II: Proceedings of the Second International Symposium on Nikopolis, 11-15 September 2002},
  Publisher                = {Preveza},
  Year                     = {2007},
  Pages                    = {411-34},

  Owner                    = {Will},
  Timestamp                = {2015.07.24}
}

@InCollection{Zanker1997,
  Title                    = {In Search of the Roman Viewer},
  Author                   = {Paul Zanker},
  Booktitle                = {The Interpretation of Architectural Sculpture in Greece and Rome. Studies in the History of Art},
  Publisher                = {London},
  Year                     = {1997},
  Editor                   = {Buitron-Oliver, D.},
  Pages                    = {179-91},

  Owner                    = {Will},
  Timestamp                = {2015.09.14}
}

@Inproceedings{Zanker1982,
  author       = {Zanker, Paul},
  title        = {Herrscherbild und Zeitgesicht},
  pages        = {307-12},
  editor       = {Klein, H.},
  booktitle    = {R\"{o}misches Portr\"{a}t},
  booksubtitle = {Wissenschaftliche Zeitschrift der Humboldt-Universit\"{a}t zu Berlin,},
  publisher    = {Berlin},
  year         = {1982},
  owner        = {Will},
  timestamp    = {2015.09.14},
}

@InCollection{Zanker2005,
  Title                    = {Ikonographie und Mentalit\"{a}t: zur Ver\"{a}nderung Mythologischer Bildthemen auf den kaiserzeitlichen Sarkophagen aus der Stadt Rom},
  Author                   = {Zanker, P},
  Booktitle                = {Lebenswelten: Bilder und R\"{a}ume in der römischen Stadt der Kaiserzeit.},
  Publisher                = {Wiesbaden},
  Year                     = {2005},
  Editor                   = {Neudecker, R. and Zanker, P.},
  Pages                    = {243-51.},

  Owner                    = {abxwl},
  Timestamp                = {2014.10.16}
}

@Book{Zanker2010,
  Title                    = {Roman Art},
  Author                   = {Zanker, P.},
  Publisher                = {California, trans. Heitmann-Gordon, H.},
  Year                     = {2010},

  Owner                    = {abxwl},
  Timestamp                = {2012.02.27}
}

@Book{Zanker2000,
  Title                    = {Die Apotheose der r\"{o}mischen Kaiser},
  Author                   = {Paul Zanker},
  Publisher                = {Munich},
  Year                     = {2000},

  Owner                    = {Will},
  Timestamp                = {2015.02.02}
}

@Article{Zanker1999,
  Title                    = {Eine r\"{o}mische Matrone als Omphale},
  Author                   = {Paul Zanker},
  Journal                  = {R\"{o}mische Mitteilungen},
  Year                     = {1999},
  Pages                    = {119-31},
  Volume                   = {106},

  Owner                    = {Will},
  Timestamp                = {2012.11.09}
}

@Book{Zanker1998,
  Title                    = {Pompeii: Public and Private Life},
  Author                   = {Paul Zanker},
  Publisher                = {Cambridge, MA},
  Year                     = {1998},

  Owner                    = {Will},
  Timestamp                = {2014.02.09}
}

@Book{Zanker1995,
  Title                    = {The Mask of Socrates: The Image of the Intellectual in Antiquity},
  Author                   = {Paul Zanker},
  Publisher                = {Berkeley, CA},
  Year                     = {1995},

  Owner                    = {Will},
  Timestamp                = {2015.08.04}
}

@Book{Zanker1990,
  Title                    = {The Power of Images in the Age of Augustus},
  Author                   = {Zanker, P.},
  Publisher                = {Ann Arbor, trans.\ Shapiro, A.},
  Year                     = {1990}
}

@Book{Zanker2012,
  Title                    = {Living with Myths: the Imagery of Roman Sarcophagi},
  Author                   = {Paul Zanker and Bj\"{o}rn Christian Ewald},
  Publisher                = {Oxford},
  Year                     = {2012},

  Owner                    = {Will},
  Timestamp                = {2013.08.14}
}

@InCollection{Ziolkowski2013,
  Title                    = {Civic Rituals and Political Spaces in Republican and Imperial Rome},
  Author                   = {Adam Zi\'{o}\l{}kowski},
  Booktitle                = {The Cambridge Companion to Ancient Rome},
  Publisher                = {Cambridge},
  Year                     = {2013},
  Editor                   = {Paul Erdkamp},
  Pages                    = {389-409},

  Owner                    = {Will},
  Timestamp                = {2015.09.14}
}

@Article{Zuntz1963,
  Title                    = {Once More: The So-Called ``Edict of Philopator on the Dionysiac Mysteries'' (BGU 1211)},
  Author                   = {Zuntz, G.},
  Journal                  = {Hermes},
  Year                     = {1963},
  Number                   = {2},
  Pages                    = {228-239},
  Volume                   = {91},

  Timestamp                = {2015.08.06}
}

@Book{Carpenter1993,
  Title                    = {Masks of Dionysus},
  Editor                   = {Thomas A. Carpenter and Christopher A. Faraone},
  Publisher                = {Ithaca, NY},
  Year                     = {1993},

  Owner                    = {Will},
  Timestamp                = {2014.01.02}
}

@Book{ILCV,
  Title                    = {Inscriptiones Latinae Christianae Veteres},
  Editor                   = {Ernestus Diehl},
  Publisher                = {Berlin},
  Year                     = {1925},

  Owner                    = {Will},
  Timestamp                = {2014.11.11}
}

@Book{Elsner2010,
  Title                    = {Life, Death and Representation: Some New Work on Roman Sarcophagi},
  Editor                   = {Ja\'{s} Elsner and Janet Huskinson},
  Publisher                = {Berlin},
  Year                     = {2010},

  Owner                    = {abxwl},
  Timestamp                = {2015.08.07}
}

@Book{HopeHuskinson2011,
  Title                    = {Memory and Mourning: Studies on Roman Death},
  Editor                   = {Valerie M Hope and Janet Huskinson},
  Publisher                = {Oxford},
  Year                     = {2011},

  Owner                    = {Will},
  Timestamp                = {2013.12.29}
}

@Book{Krasser2009,
  Title                    = {Triplici invectus triumpho. Der r\"{o}mische Triumph in augusteischer Zeit},
  Editor                   = {Helmut Krasser and Dennis Pausch and Ivana Petrovic},
  Publisher                = {Stuttgart},
  Year                     = {2008},

  Owner                    = {abxwl},
  Timestamp                = {2014.10.16}
}

@Book{Hjort2014,
  Title                    = {The Roman Republican Triumph: Beyond the Spectacle},
  Editor                   = {Lange, Carsten Hjort and Vervaet, Frederik Juliaan},
  Publisher                = {Rome},
  Year                     = {2014},

  Owner                    = {Will},
  Timestamp                = {2015.08.25}
}

@Book{RES2012,
  Title                    = {Res: Anthropology and Aesthetics. Sarcophagi},
  Editor                   = {Francesco Pellizzi and Ja\'{s} Elsner and Hung Wu},
  Year                     = {2012},
  Volume                   = {61/62},

  Owner                    = {Will},
  Timestamp                = {2015.07.16}
}

@Book{Rocca2008,
  Title                    = {Trionfi romani},
  Editor                   = {Eugenio la Rocca and Stefano Tortorella},
  Publisher                = {Milan},
  Year                     = {2008},

  Owner                    = {abxwl},
  Timestamp                = {2013.12.31}
}

@Book{Schlesier2011,
  Title                    = {Different God? Dionysos and Ancient Polytheism},
  Editor                   = {Renate Schlesier},
  Publisher                = {Berlin},
  Year                     = {2011},

  Owner                    = {Will},
  Timestamp                = {2014.01.02}
}

@Book{Zinguer2001,
  Title                    = {Dionysos: origines et r\'{e}surgences},
  Editor                   = {Ilana Zinguer},
  Publisher                = {Paris},
  Year                     = {2001},

  Owner                    = {Will},
  Pages                    = {33-8},
  Timestamp                = {2014.01.02}
}

@Book{Galinier2013,
  title     = {Iconographie fun\'{e}raire romaine et soci\'{e}t\'{e}: Corpus antique, approches nouvelles?},
  publisher = {Paris},
  year      = {2013},
  editor    = {Galinier, M. and Baratte, F.},
}

@Book{Weinstock1971,
  title     = {Divus Julius},
  publisher = {Oxford},
  year      = {1971},
  author    = {Stefan Weinstock},
}

@Book{Boardman2015,
  title     = {The Greeks in Asia},
  publisher = {London},
  year      = {2015},
  author    = {John Boardman},
}

@Book{Riegl1985,
  title     = {Late Roman Art Industry},
  publisher = {Rome, trans. Winkes, R},
  year      = {1985},
  author    = {Alois Riegl},
}

@Comment{jabref-meta: databaseType:biblatex;}

@Comment{jabref-entrytype: Review: req[author;number;title;subtitle;pages;volume;journaltitle;shortjournal;related;relatedtype;year] opt[]}
